3242 5559
413 1052 537 1122 AEmr
558 1050 768 1137 DONATI,
792 1048 832 1116 V.
854 1048 896 1117 Ο.
917 1044 1165 1117 ORATORIS
1187 1043 1337 1117 URBIS

510 1252 625 1310 ROMAE,
641 1250 815 1302 ramulo
831 1250 868 1298 nt
884 1250 1040 1301 eubalum
1056 1250 1224 1300 ranam.

412 1668 627 1733 COMOEDIA
642 1670 764 1745 Andria,
780 1664 849 1731 cum
862 1666 987 1731 Pallintn
997 1670 1044 1743 sit,
1059 1670 1177 1731 deloco
1189 1688 1298 1731 nomen
1310 1688 1363 1731 nc.

284 1798 290 1807 ·
371 1766 461 1848 cepit,
476 1777 507 1827 et
519 1787 538 1827 a
550 1767 719 1829 Menandro
740 1767 881 1851 priusfflt
900 1787 979 1841 nunc
992 1768 1030 1827 ab
1048 1766 1111 1847 ipso
1126 1767 1283 1827 Terentio=
1302 1768 1362 1847 qui,

370 1882 439 1924 cum
460 1864 499 1923 de
513 1864 658 1945 Chryside
678 1848 923 1944 loqueretur,'sic
945 1864 1003 1925 nit:
1035 1866 1093 1923 Hei
1114 1884 1217 1939 vereor,
1245 1884 1279 1923 ne
1299 1864 1366 1941 qaid

374 1960 480 2021 Andria
499 1971 625 2039 opportet
648 1963 724 2021 moli.
746 1973 779 2023 et
797 1962 858 2023 hoc
877 1960 1364 2025 commmewoebulmoetcsin

372 2056 490 2129 Graeca,
503 2069 536 2117 et
547 2054 655 2119 Latina
673 2057 782 2139 lingua.
823 2060 902 2121 Haec
915 2058 1018 2139 majori
1032 2078 1068 2121 ex
1076 2070 1162 2139 parta
1171 2058 1296 2119 motoria
1308 2068 1363 2131 ert,

372 2154 561 2233 continetque
569 2165 652 2215 actus
661 2166 823 2215 amatorum
832 2154 1072 2229 adolescentium,
1078 2156 1363 2239 etpatrumpiorum.

373 2248 449 2310 Sunt
460 2251 502 2311 ibi
515 2246 613 2311 callidi
623 2248 709 2325 servi,
722 2262 827 2313 astutae
838 2252 960 2325 ancilloe,
974 2242 1175 2326 emeritense,
1195 2254 1365 2315 adolescen-

370 2346 442 2407 tulae
454 2346 598 2409 liberales.
647 2348 684 2407 ln
697 2346 755 2409 hnc
768 2350 868 2430 primae
882 2346 981 2430 partes
994 2348 1071 2411 senis
1082 2344 1210 2413 ¹Simonis
1224 2363 1303 2424 sunt,
1317 2370 1363 2412 se-

370 2443 474 2506 cundoe
487 2444 575 2519 Davi,
589 2446 684 2507 tertia
698 2445 874 2520 Chremetis,
887 2458 918 2509 et
931 2446 1072 2529 deinceps
1086 2444 1273 2531 reliquorum.
1293 2448 1365 2509 Pro·

369 2542 455 2623 logus
470 2542 564 2604 inbsc
577 2562 648 2603 acer
657 2542 816 2617 inducitur,
832 2555 863 2604 et
876 2545 906 2603 in
916 2544 1095 2627 adversarios
1107 2566 1167 2605 non
1179 2542 1364 2607 mediocriter

370 2651 571 2720 exasperatus,
584 2640 637 2700 sed
644 2652 743 2700 tamen
750 2640 781 2699 id
789 2640 945 2713 subtiliter,
957 2652 991 2701 ut
999 2641 1096 2703 omnis
1105 2640 1257 2702 lacessitus
1266 2642 1365 2703 fatere

370 2736 515 2809 videntur,
526 2757 562 2798 ac
574 2735 681 2799 dicere.
703 2736 766 2797 Hic
778 2738 903 2818 protasis
912 2736 1165 2819 subtilis,epitasis
1175 2739 1363 2812 tumultuosa,

372 2835 559 2915 catastrophe
576 2850 654 2915 pene
668 2832 799 2913 tragion:
821 2844 852 2894 et
873 2845 972 2895 tamen
990 2845 1114 2915 repente
1121 2874 1125 2884 .
1132 2852 1171 2895 ex
1179 2834 1224 2896 bis
1233 2834 1323 2895 turbis
1333 2834 1365 2895 in

371 2930 560 3010 tranquillam
569 2929 713 3010 pervenit.
754 2930 832 2991 Hac
850 2932 945 3011 prima
962 2942 1030 2993 ncta
1040 2942 1084 2993 est
1094 2931 1172 2992 ludis
1182 2930 1364 3013 Megalensi-

370 3028 436 3101 bus,
450 3028 498 3089 M.
509 3027 621 3101 Fulvio,
639 3038 673 3088 et
684 3026 731 3088 M.
744 3026 917 3101 Glabrione,
936 3028 1069 3090 sedibbos
1083 3025 1249 3091 Caralibus.
1284 3026 1364 3107 lige·

263 3136 266 3144 ’
370 3134 440 3183 runt
452 3124 623 3201 Iadffiljss
636 3120 1231 3207 Pmesonus‚et.1..amurvtusrurpm
1252 3122 1363 3187 Medos

370 3220 444 3283 iecit
457 3222 591 3295 Flaccus,
606 3221 720 3283 claudii
732 3222 818 3295 filius,
833 3222 910 3290 tibiis
923 3222 1049 3302 paribus,
1060 3222 1173 3283 dextris
1184 3234 1215 3283 et
1228 3222 1360 3284 sinistris.

371 3329 403 3381 et
421 3332 467 3381 est
485 3330 550 3380 tota
559 3319 676 3393 Graeca,
687 3318 769 3379 edita
788 3320 834 3379 M.
850 3320 1004 3391 Marcello,
1024 3331 1055 3379 et
1069 3319 1124 3379 Cn.
1140 3318 1265 3400 Sulpitio
1278 3318 1362 3380 Coss.

369 3417 621 3498 pronunciansque
642 3428 688 3476 est
710 3416 824 3476 Andria
842 3415 983 3487 Terentii,
1002 3416 1041 3476 ob
1063 3416 1245 3495 incognitum
1266 3415 1363 3476 adhuc

370 3534 477 3576 nomen
490 3525 586 3593 poeta,
601 3526 633 3575 et
642 3514 761 3575 minoris
773 3514 851 3594 apud
865 3514 1003 3594 populum
1017 3512 1196 3574 auctoritatis
1210 3532 1246 3574 ac
1257 3512 1363 3574 meriti.

371 3612 519 3672 Diverbiis
526 3611 700 3671 authenticis
709 3612 809 3689 lepide
820 3610 958 3671 dbtincta
963 3622 1029 3699 est:
1043 3622 1074 3671 et
1082 3630 1221 3673 successu
1230 3620 1364 3690 spectata

370 3726 522 3788 prospero,
535 3708 722 3766 hortamento
733 3718 830 3786 poetse
843 3705 945 3766 fuitad
955 3707 1026 3775 alins
1034 3707 1273 3793 ¹conscribendas.
1306 3706 1365 3766 Ini-

370 3804 444 3863 tium
452 3813 551 3863 autem
559 3804 724 3883 rpororsrdr
732 3806 890 3883 πρόσωπον,
902 3803 934 3862 id
943 3814 999 3875 est,
1011 3803 1198 3864 adventitiam
1208 3823 1364 3883 personam
1437 3818 1442 3823 '

370 3900 482 3981 recepit
497 3899 599 3971 Sosiae,
622 3911 744 3981 propter
755 3898 946 3959 evolvendam
966 3900 1128 3979 argumenti
1147 3900 1364 3961 obscuritatem.

371 3998 503 4059 Persona
520 4007 618 4057 sutem
635 3996 779 4077 protntics
789 3997 978 4076 intelligitur,
1002 4018 1068 4078 quae
1084 3998 1175 4058 semel
1192 3998 1314 4059 inducta
1332 3998 1364 4058 in

370 4094 512 4176 principio
520 4094 638 4166 fabuloe,
649 4096 680 4153 in
690 4094 776 4154 nullis
787 4093 925 4173 deinceps
934 4093 1041 4153 fabuloe
1051 4094 1182 4173 partibus
1196 4095 1362 4155 adhibetur.

372 4190 584 4251 Adnotnndum
597 4210 678 4265 sane,
691 4192 853 4272 puellarum
866 4190 1029 4251 liberalium
1042 4191 1152 4250 nullam
1161 4190 1322 4251 orationem
1333 4192 1364 4251 in

370 4288 524 4368 proscenio
544 4287 653 4361 induci,
665 4288 697 4347 in
712 4288 856 4349 comoedin
879 4286 1013 4359 Palliatn,
1033 4298 1139 4366 praeter
1150 4288 1363 4367 invocationem

370 4386 391 4446 J
393 4386 495 4446 ononis
508 4385 648 4446 Luciuae:
669 4406 736 4466 quaa
749 4396 780 4446 et
791 4386 854 4465 ipsa
866 4404 983 4463 quoque
997 4378 1064 4465 post
1077 4403 1197 4445 scenam
1207 4384 1269 4445 fieri
1277 4386 1362 4447 solet.

371 4483 429 4561 (At
446 4500 513 4543 vero
537 4481 667 4562 loquitur
685 4483 715 4541 in
734 4482 899 4542 Heautont.
925 4481 1086 4561 Antiphila,
1104 4483 1204 4562 puella
1227 4484 1363 4560 liberalis,

370 4578 402 4639 in
415 4576 513 4641 Plauti
525 4578 613 4642 Cure.
627 4577 803 4657 Planesium,
815 4591 847 4640 et
857 4578 921 4641 nliae
935 4578 1015 4642 alibi.
1026 4578 1187 4661 Westerlr.)
1291 4607 1298 4620 v
