3242 5559
334 684 366 743 lx
557 690 741 753 VICTOR
767 688 831 751 DE
853 689 1094 752 COMOEDIA

334 866 408 925 tium
428 868 600 930 edoceretur
619 871 789 933 Eunuchus.
834 872 930 952 quue
951 872 1086 932 observat
1106 869 1235 928 Donatus
1253 885 1331 947 proe·

333 963 444 1024 satione
457 966 487 1024 in
496 966 681 1042 Eunuchum,
692 969 809 1029 tertium
824 969 933 1029 editam
944 968 1035 1027 fuiaae
1044 978 1112 1046 port
1126 964 1330 1045 Adelphorum

337 1061 505 1125 editionem.

776 1230 897 1245 ——n

415 1416 420 1439 .
491 1378 530 1443 1..
567 1376 890 1443 VICTORIS
928 1376 1172 1442 FAUS'l'l

699 1542 969 1598 DECOMOEDIA

747 1711 922 1753 alamus,

468 1856 518 1903 sin
529 1854 608 1905 brevia
619 1870 691 1917 arque
701 1853 757 1903 licet
766 1860 871 1903 natm
881 1854 912 1902 do
921 1868 985 1902 mora
994 1853 1097 1911 titulun,

501 1936 586 1997 Meque
594 1950 660 1983 annm
668 1935 789 1998 qnisquam
799 1942 898 1998 nequeat
908 1950 1025 1983 marera:

470 2016 522 2063 Noc
530 2015 604 2062 triviis
613 2015 706 2078 volgata
715 2016 794 2071 ieram,
805 2015 943 2077 decerptae
951 2014 1046 2077 puniat,

501 2095 551 2145 Nec
561 2095 657 2156 proinde
669 2096 729 2144 elata
738 2098 812 2144 fronto
823 2098 938 2158 rnprrhor
946 2112 1011 2145 mm:

469 2178 577 2224 Attamen
587 2176 705 2239 egregium
715 2176 772 2225 nihil
784 2178 894 2239 undique,
904 2184 929 2224 ot
940 2174 1041 2238 undique
1052 2182 1139 2223 ternum
1149 2180 1195 2223 art.

501 2257 561 2303 Nam
572 2256 634 2317 qnod
644 2256 742 2314 miraris,
752 2256 814 2306 ridet
823 2257 847 2304 id
858 2258 918 2306 alter
927 2272 994 2318 opus.

353 2468 356 2475 .
382 2410 520 2471 Editurua
544 2428 601 2488 ego
624 2408 754 2469 libellum
777 2409 815 2469 de
838 2408 943 2491 triplici
963 2408 1176 2469 Comoedianrm
1195 2407 1337 2481 tectione,

343 2508 558 2569 Triviaanorum
572 2504 672 2577 decue,
683 2506 814 2578 Andrea,
828 2506 890 2577 tibi,
900 2525 1064 2586 quanquam
1077 2516 1263 2587 praetextato,
1273 2524 1336 2563 mu·

343 2626 397 2665 nna
419 2604 517 2665 dicare
543 2602 668 2663 decrevi.
719 2602 789 2662 Non
812 2604 951 2683 equidem
969 2603 1168 2662 «admiratione
1195 2602 1336 2661 bonorum
1361 2650 1366 2659 .

344 2701 475 2781 corporir
490 2710 539 2759 aut
553 2700 687 2770 fortunae,
708 2720 766 2778 qua
778 2698 882 2759 merito
901 2698 1032 2758 venetiis
1046 2710 1078 2759 et
1096 2699 1126 2757 in
1146 2699 1222 2758 adeo
1236 2699 1336 2759 excel·

343 2798 414 2857 lenti
426 2796 536 2857 familia
548 2814 769 2856 veneraremur:
789 2796 843 2855 aed
863 2795 999 2873 quoniam
1020 2795 1137 2874 ingenio
1156 2805 1186 2855 te
1200 2794 1337 2873 singulari

343 2895 561 2955 adolescentem
583 2891 680 2950 multia
705 2890 881 2970 jampridem
904 2891 1016 2950 indiciia
1042 2892 1104 2969 ipae
1132 2910 1337 2970 cognoveram.

345 2990 463 3058 Etenim
477 3007 555 3059 vere,
571 2986 650 3066 quod
664 2987 702 3046 de
720 3006 752 3045 se
768 2987 901 3063 jactabat
920 2986 1137 3064 Hermogenen,
1152 2998 1270 3046 aetatem
1283 2987 1338 3046 vir·

342 3087 462 3157 tutibus,
477 3084 556 3145 haud
577 3082 674 3143 indole
696 3082 867 3161 praevenisti.
909 3082 1059 3149 Quocirca
1076 3082 1185 3142 nemini
1205 3082 1338 3143 videatur

344 3184 479 3253 alienum,
502 3180 526 3239 ai
546 3179 625 3258 quod
645 3180 681 3238 ab
703 3179 822 3257 ingenio
841 3180 1044 3260 proficiscitur,
1059 3179 1175 3259 ingenio
1188 3178 1337 3259 praestanti

343 3276 567 3340 adolescentulo
576 3287 768 3355 nuncupatur.
810 3278 959 3338 Ceterum
968 3277 1091 3339 arbitror
1101 3298 1151 3337 me
1160 3278 1242 3349 meio,
1253 3288 1337 3355 quot·

343 3385 415 3455 quot
436 3383 593 3454 potuerunt
618 3372 740 3445 intendi,
763 3373 872 3436 viribus
900 3385 1135 3446 consecuturum,
1154 3393 1193 3434 ne
1213 3374 1340 3454 amplius

345 3472 416 3553 quid
430 3492 537 3531 novum
555 3480 604 3530 aut
623 3480 717 3539 vetus,
740 3468 846 3547 quidve
866 3469 1002 3540 medium,
1025 3481 1056 3531 et
1076 3471 1174 3531 curin
1189 3471 1341 3531 Comoedia

345 3570 469 3637 dicatur,
483 3566 559 3625 ullus
568 3564 693 3641 ignoret.
727 3565 816 3629 Quod
826 3565 967 3625 hactenus
980 3567 1034 3637 vel¹
1040 3568 1177 3627 omissum
1188 3588 1206 3627 a
1216 3568 1340 3640 Latinio,

344 3664 392 3723 vel
405 3662 546 3722 abolitum
555 3670 700 3719 vetustate
711 3658 809 3719 secula
823 3675 920 3723 nostra
929 3663 1138 3723 desiderarunt.
1168 3664 1268 3725 Multa
1277 3664 1340 3743 qui·

347 3759 415 3820 dem
429 3756 547 3836 egregie
563 3756 708 3829 Donatus,
726 3754 819 3816 multa
830 3758 999 3829 Diomedes,
1014 3772 1045 3819 et
1057 3760 1133 3819 adeo
1147 3760 1229 3821 bouia
1247 3759 1342 3839 auspi-

347 3856 399 3917 ciis
413 3852 607 3935 protulerunt,
623 3863 657 3913 ut
671 3870 707 3913 ea
720 3856 899 3931 grammatici
907 3856 1014 3936 possim
1024 3856 1053 3916 in
1064 3876 1118 3916 aua
1128 3857 1340 3927 transcribant:

344 3953 399 4015 aed
419 3964 519 4012 tamen
538 3951 599 4009 huc
621 3949 673 4007 illa
691 3968 794 4029 parum
816 3950 963 4026 videntur,
982 3953 1070 4011 immo
1088 3954 1159 4012 nihil
1181 3953 1339 4033 pertinere.

347 4048 491 4117 Quaedam
504 4046 591 4125 igitur
607 4064 625 4105 a
639 4044 752 4104 Graecia
765 4046 932 4108 auctorihua
945 4058 976 4107 et
990 4048 1100 4108 Latinis
1113 4050 1338 4129 haudquaquam

345 4144 516 4215 nominatim
535 4153 721 4223 pertractata,
745 4162 846 4204 verum
874 4145 968 4204 obiter
996 4145 1118 4205 diaaerta
1147 4146 1338 4225 collegimus:

346 4244 479 4324 quaedam
500 4240 554 4321 ipai
578 4239 690 4300 collatis
712 4239 788 4299 inter
810 4260 843 4299 ae
863 4240 961 4301 multia
982 4240 1134 4314 elicienda,
1154 4261 1191 4302 ac
1211 4243 1339 4302 breviter

346 4338 511 4401 curavimus
534 4334 708 4403 annotanda.
733 4356 798 4415 quoe
821 4336 874 4395 tihi
897 4357 992 4416 pauca
1014 4358 1119 4417 parvus
1140 4359 1198 4418 ego
1223 4338 1338 4410 devovi,

345 4431 467 4516 perinde
476 4442 563 4510 atque
577 4452 658 4491 auam
672 4431 848 4511 Virgiliamia
860 4433 910 4493 ille
924 4434 1121 4495 Micondianae
1134 4435 1338 4495 Venationem.

347 4532 482 4593 Fatemur
496 4529 572 4589 enim
586 4538 617 4588 et
631 4548 731 4588 eorum
745 4550 810 4607 quae
829 4548 882 4589 noa
899 4530 1016 4591 minime
1030 4530 1235 4611 praeterierint,
1249 4529 1339 4591 subti-

347 4628 441 4695 cuiaae
461 4624 621 4709 complura.
662 4626 730 4687 Jam
750 4626 849 4709 itaque
870 4635 997 4689 nostram
1016 4628 1160 4697 hmtenua
1179 4626 1341 4707 obligatam
