3242 5559
363 784 416 847 lxii
614 781 815 847 vlc'rort.
834 780 897 842 Da
917 778 1117 841 COMOED.

363 964 432 1025 Hoc
447 962 533 1025 eliam
548 963 724 1026 Aristoteles
737 961 945 1045 comprobavit,
959 959 1102 1039 inquiens,
1122 957 1202 1038 quod
1220 956 1251 1017 in
1268 956 1360 1039 trupi-

361 1062 465 1122 tudine
475 1061 628 1123 ridiculum
639 1074 693 1154 gat,
705 1061 886 1124 Comoediam
896 1058 1011 1119 imitari.
1031 1054 1274 1135 Quandoquidem
1284 1056 1358 1116 illud

360 1157 490 1237 inprimis
499 1170 595 1237 poetae
606 1160 705 1231 rebus,
721 1169 752 1221 et
763 1158 858 1219 verbis
868 1157 985 1218 efficere
999 1156 1197 1216 conabantur:
1217 1154 1282 1233 ipsa
1293 1153 1357 1233 qui·

361 1254 427 1315 dem
439 1274 472 1315 re
485 1255 627 1329 bifariam,
638 1256 774 1317 videlicet
795 1256 843 1316 vel
863 1254 1000 1335 opinione
1019 1271 1081 1323 sua,
1098 1252 1146 1311 rel
1163 1250 1282 1311 alterius
1292 1270 1358 1330 per·

360 1352 495 1413 suasione
509 1353 648 1434 deceptas
661 1354 801 1434 lingendo
811 1372 965 1434 personas:
986 1350 1094 1410 deinde
1110 1368 1218 1428 magna
1229 1348 1356 1421 nomina,

360 1450 407 1511 rel
420 1448 492 1510 deos
510 1451 674 1511 mortalium
686 1451 841 1527 postremis
854 1448 1072 1525 componendo,
1086 1445 1172 1507 sicuti
1192 1446 1313 1505 Plautus
1326 1444 1358 1503 in

362 1545 579 1625 Amphitryone
599 1542 780 1603 Mercurium
793 1542 910 1603 simulet
924 1562 1014 1620 agere
1033 1543 1164 1601 Sosiam:
1184 1542 1230 1601 rel
1243 1553 1356 1611 contra,

360 1640 607 1721 quemadmodum
625 1639 655 1697 in
679 1639 770 1699 Ranis
792 1639 998 1718 Aristophanis
1017 1636 1119 1698 fabula
1137 1637 1281 1698 Xanthins
1299 1638 1357 1698 vile

360 1736 538 1816 mancipium
553 1736 713 1809 Herculem
727 1736 799 1817 agit.
840 1735 1008 1796 Verborum
1020 1746 1120 1796 autem
1137 1734 1231 1795 modis
1243 1745 1358 1814 septem

360 1834 464 1895 comici
478 1834 552 1895 riam
564 1833 747 1895 excitabant:
767 1835 815 1894 rel
827 1835 941 1895 scilicet
954 1834 1039 1915 plara
1057 1833 1225 1914 significans
1238 1832 1359 1892 verbum

360 1942 545 2009 usurpantes,
571 1931 653 2011 quod
678 1930 860 2009 grammatici
881 1932 984 1992 dicunt
1004 1934 1187 2012 dpasvplasz
1209 1930 1258 1991 rel
1274 1930 1361 2010 plura

361 2025 580 2105 significationis
598 2026 740 2105 ejusdem,
756 2026 834 2107 quod
849 2038 955 2088 vocant
968 2032 1165 2105 meropius:
1185 2027 1234 2086 sel
1246 2026 1359 2105 propri·

362 2144 412 2183 um
422 2124 541 2203 aliquod
555 2124 688 2185 ludentes
699 2144 807 2185 nornen
821 2144 859 2185 ea
868 2124 987 2205 quidem
997 2123 1121 2193 radone,
1136 2142 1196 2202 qua
1207 2142 1261 2183 noa
1275 2123 1362 2182 inter·

362 2220 433 2279 dum
452 2230 586 2280 oratorem
604 2221 727 2281 dicimus
747 2231 892 2293 maiorer,
917 2222 998 2302 quod
1018 2220 1060 2278 illi
1078 2231 1251 2299 nuncupant
1267 2242 1360 2301 rape·
1381 2227 1388 2237 ’

362 2322 476 2396 aomar,
500 2317 546 2377 vel
569 2319 673 2378 eadem
696 2318 801 2398 saepius
826 2338 885 2379 non
910 2318 1061 2377 invenuste
1084 2317 1256 2397 repetendo,
1280 2316 1362 2395 quod

361 2415 512 2495 appellant
540 2414 733 2496 ἀδολεσχίανε
763 2416 928 2494 cujusmodi
959 2427 1006 2475 eat
1031 2416 1104 2475 illud
1131 2414 1296 2475 Ennianum
1322 2414 1361 2474 ab

362 2512 443 2572 Aulo
466 2512 566 2571 Gellio
586 2513 717 2583 citatum,
737 2512 787 2573 ubi
809 2516 930 2575 verbum
950 2515 1009 2574 hoc
1021 2513 1139 2594 frustra
1164 2522 1195 2572 et
1205 2512 1359 2591 frustrari,

361 2608 460 2668 decies
479 2608 585 2668 eodem
606 2608 673 2668 loco
694 2608 875 2670 insideatur:
896 2612 943 2671 vel
964 2610 1139 2691 aspernandi
1157 2609 1257 2670 studio
1274 2608 1360 2669 dimi.

360 2704 461 2764 nativa
473 2704 652 2763 formantes:
673 2703 720 2765 vel
740 2704 867 2784 aliquam
883 2707 963 2767 haud
976 2708 1102 2768 absurde
1114 2707 1228 2767 literam
1247 2717 1361 2766 mutan·

360 2810 413 2861 tes.
459 2800 596 2879 Denique
610 2820 664 2879 per
678 2820 737 2860 non
749 2801 829 2861 tritas
849 2802 967 2865 dicendi
986 2805 1095 2883 figuras
1117 2802 1293 2882 elegantiam
1308 2802 1360 2863 ali·

360 2901 454 2972 cujus,
469 2907 519 2956 aut
537 2897 611 2957 rude
630 2898 780 2977 ingenium
801 2900 1008 2979 exprimentes,
1027 2900 1176 2959 theatrum
1195 2918 1282 2959 omne
1301 2899 1361 2959 r'an

361 2993 571 3055 diffisndebant
613 2994 722 3054 Verum
735 2995 801 3055 haec
809 2996 943 3056 universa
955 2995 1037 3055 nihili
1050 3014 1256 3075 nonnunquam
1268 3004 1360 3065 erant,

360 3089 415 3149 nisi
432 3110 538 3151 vocem
559 3089 715 3153 histriones
737 3091 858 3170 singulis
878 3092 1078 3153 adhibuissent
1095 3090 1361 3153 accommodatam:

361 3186 600 3266 quandoquidem
609 3188 701 3249 omnis
712 3188 871 3250 oblectatio
879 3188 1039 3250 Comoedioe
1052 3189 1261 3272 propemodum
1272 3189 1302 3247 in
1312 3207 1361 3249 ac·

359 3282 439 3343 tione
457 3284 597 3345 consistit.
640 3286 796 3347 Hactenus
815 3296 914 3346 autem
933 3306 1000 3364 quas
1017 3286 1151 3357 diximus,
1171 3286 1249 3346 bono
1263 3285 1360 3345 omine

359 3380 538 3461 procedant:
558 3401 598 3439 ne
612 3380 693 3460 (licet
706 3381 775 3442 huic
785 3382 887 3443 libello
900 3383 939 3443 de
949 3382 1100 3461 perplexis
1111 3384 1187 3442 adeo
1197 3382 1360 3462 quaestioni·

359 3479 414 3539 bus
426 3477 607 3558 propositum
619 3497 680 3537 non
693 3478 731 3539 sit
744 3477 905 3559 disputare)
918 3478 1003 3538 nimis
1014 3478 1107 3538 multa
1119 3498 1184 3539 esse
1197 3480 1360 3541 videantur.

401 3576 433 3637 Si
446 3575 576 3635 funditus
597 3574 713 3635 Latine
731 3575 883 3635 commdise
904 3594 1017 3654 quaeras
1037 3574 1203 3654 perspicere
1223 3576 1362 3637 conditio·

359 3692 449 3732 nem=
469 3670 601 3750 inprimis
620 3675 683 3747 ejus
705 3672 847 3751 originem
868 3690 923 3750 par
944 3690 1010 3731 esse
1028 3671 1153 3733 arbitror
1170 3691 1230 3731 non
1246 3672 1362 3751 ignora·

359 3788 410 3829 re:
430 3768 540 3847 quippe
554 3787 621 3827 eum
634 3768 673 3827 ad
694 3786 748 3829 nos
768 3788 786 3830 e
807 3768 917 3829 Graeco
932 3768 1015 3829 fonte
1028 3769 1160 3829 derivata
1171 3788 1225 3848 per
1238 3768 1361 3830 Latium

361 3863 443 3943 quasi
461 3862 597 3923 traduces
613 3864 764 3925 emanarit.
805 3866 841 3928 ln
857 3876 990 3925 veterum
1001 3864 1100 3944 itaque
1112 3864 1217 3926 fabulis
1231 3866 1359 3946 quinque

359 3960 515 4041 perhibent
527 3978 592 4021 ease
606 3960 792 4033 differentias,
807 3973 975 4041 temporum
990 3961 1114 4034 scilicet,
1134 3961 1203 4033 stili,
1219 3962 1360 4033 materie,

360 4075 557 4128 numerorum,
572 4067 604 4117 et
616 4068 785 4137 apparatus.
825 4058 921 4119 Nobis
930 4058 1018 4137 igitur
1030 4068 1164 4139 tempora
1172 4059 1361 4120 consideran·

360 4151 447 4223 tibus‚
473 4153 529 4212 tria
551 4154 757 4215 comoediarum
778 4175 888 4235 genera
909 4175 974 4216 seae
997 4154 1123 4216 offerunt
1144 4156 1362 4236 distinguenda.

362 4248 493 4310 Primum
512 4250 590 4311 enim
612 4262 667 4323 est,
687 4252 765 4332 quod
779 4272 920 4313 unacum
935 4251 1216 4331 Peloponnesiorum
1229 4252 1360 4332 imperio,

362 4346 528 4419 Susarione,
550 4349 597 4409 vel
618 4349 790 4411 Sannirione
806 4349 905 4411 floruit
916 4348 1078 4409 inventore.
1120 4349 1269 4421 Alterum,
1282 4348 1362 4428 quod

361 4445 398 4504 ab
413 4445 552 4525 impositis
566 4466 619 4525 per
627 4445 872 4507 Lacoedemonios
880 4445 1106 4507 Atheniensium
1119 4446 1295 4518 cervicibus,
1308 4446 1361 4506 tri·

359 4541 441 4621 ginta
455 4541 537 4621 quasi
545 4546 620 4621 jugo
634 4543 762 4623 tyrannis
776 4544 815 4604 ad
832 4554 951 4604 aetatem
969 4562 1063 4621 usque
1075 4542 1203 4625 Philippi
1215 4541 1361 4604 Macedo-

359 4638 404 4699 nis
422 4650 468 4700 est
486 4650 691 4721 propagatum,
710 4640 849 4703 videlicet
869 4660 924 4721 per
942 4658 1034 4700 anuos
1052 4640 1172 4701 circiter
1192 4640 1358 4720 sexagmta.

360 4734 503 4813 Tertium,
517 4736 597 4820 quod
609 4737 647 4800 ab
660 4736 827 4801 Alexandri
836 4738 1015 4819 temporibus
1028 4736 1103 4801 adeo
1114 4736 1245 4802 faustum
1257 4735 1362 4800 mmsit
