3242 5559
371 762 487 827 lmrih
695 762 759 823 nn
785 758 1036 821 THEATROE

370 955 454 1007 erant
466 941 629 1019 hujusmodi
640 940 918 1015 ootsm‚.seeundam
934 940 977 1001 rei
998 937 1180 1019 gravitatem,
1200 948 1252 999 aut
1267 934 1360 1007 mio.

318 1084 320 1087 -
370 1062 449 1103 nem.
487 1038 816 1102 Commiiasnmaatmn
838 1037 975 1099 recitatio
986 1035 1017 1097 in
1036 1054 1136 1108 scena,
1152 1036 1227 1095 aetio
1242 1035 1360 1097 diceba·

369 1127 864 1221 mzfflseemqfiagetsmet
878 1130 1362 1215 htunpmumeisbmtsosra

369 1236 451 1298 dieti.
470 1236 557 1313 Antio
567 1253 686 1315 qumque
693 1234 734 1294 ad
742 1231 882 1293 orationis
890 1228 1159 1311 pronunciationem
1170 1228 1362 1301 maternae

368 1336 404 1393 nt
415 1332 503 1393 atisin
513 1332 579 1412 ipsa
590 1330 683 1392 oratio
695 1328 819 1407 rhetoris
831 1327 880 1389 slei
896 1328 1009 1408 scripto
1019 1326 1067 1391 val
1077 1326 1269 1409 pronuntiata
1279 1328 1360 1390 satis

490 1575 493 1579 ι
610 1531 782 1593 θαάσσων
794 1526 917 1592 dotorem
927 1528 1094 1589 diwrdos.

388 1692 447 1772 „In
460 1704 578 1773 scenam
590 1712 651 1772 non
665 1694 761 1754 solum
778 1691 985 1779 comediarum
1010 1702 1063 1751 sut
1083 1668 1291 1769 tragoediarum
1314 1710 1362 1779 ως

371 1801 443 1853 tores
460 1790 523 1872 (qui
542 1788 668 1869 tragedi
680 1801 712 1851 et
724 1788 849 1851 comredi
861 1786 1047 1866 dicebantur)
1065 1788 1221 1867 prodibant
1234 1786 1264 1847 in
1277 1806 1363 1868 spee-

370 1888 508 1959 meolam,
532 1888 589 1949 sed
608 1886 696 1949 etiam
719 1886 810 1959 mimi,
831 1884 1012 1967 pantomimi,
1034 1882 1202 1955 archimimi,
1226 1883 1362 1979 ethologi3

371 1984 515 2065 ethoptei:
536 2003 637 2045 omnes
649 2002 710 2063 uno
721 1982 838 2043 nomine
859 1982 1005 2062 mocrite
1017 1980 1067 2061 ¹(id
1080 1991 1139 2059 eat.
1149 1982 1253 2042 alienae
1266 1998 1365 2061 perso-

372 2100 421 2140 noe
432 2079 628 2159 simulatores)
640 2079 730 2141 dicti:
750 2090 783 2141 et
794 2098 896 2153 eorum
907 2076 994 2151 aetio,
1011 2078 1168 2155 hypocrisrh,
1182 2077 1214 2137 id
1224 2087 1278 2149 est,
1293 2074 1364 2159 olie-

372 2196 419 2237 ω
452 2196 585 2257 rem
608 2176 763 2249 amantio
788 2165 901 2255 Latini·
924 2174 1076 2253 ummo,
1108 2174 1285 2252 imamque,
1306 2182 1364 2255 ert

373 2274 462 2333 etiam
473 2275 540 2333 ludii
551 2274 700 2335 dicuntur.
741 2270 826 2333 osona·
839 2270 1000 2347 imitatores
1012 2279 1080 2331 sunt
1092 2264 1239 2349 gestuum,
1250 2288 1364 2345 uocum,

373 2379 424 2429 sut
434 2390 587 2450 gresmmm
597 2370 720 2451 alicujus
737 2388 873 2449 personae
893 2366 969 2446 inter
982 2365 1073 2449 aliae:
1095 2366 1179 2443 cujus
1193 2365 1316 2441 ridicula
1326 2363 1366 2425 sit

372 2487 441 2538 vox,
455 2468 594 2527 autaliud
604 2466 762 2549 quidpiam.
792 2463 956 2545 Pontomims'
965 2462 1093 2543 omnium
1105 2480 1293 2543 personarum
1303 2460 1365 2521 inri-

371 2574 481 2641 tatores
491 2576 559 2623 sunt
567 2563 786 2644 effictoresque:
800 2572 834 2620 ut
843 2570 875 2621 et
884 2556 1029 2631 mulieres,
1041 2569 1073 2619 et
1082 2578 1178 2631 senes,
1190 2570 1221 2619 et
1230 2562 1363 2637 juvenes,

372 2679 409 2719 ac
419 2661 629 2737 cujuscumque
642 2658 736 2719 aetatis
748 2675 889 2738 personas
901 2656 1085 2735 confingant3
1099 2655 1188 2717 etiem
1197 2656 1239 2716 ita
1252 2676 1289 2716 ex
1300 2676 1366 2737 ges-

371 2756 460 2827 tibus,
474 2755 652 2827 describunt,
662 2765 696 2814 nt
708 2754 741 2813 id
753 2752 833 2834 quod
845 2752 927 2813 aiunt
935 2746 1039 2815 'videre
1053 2752 1180 2814 videare.
1202 2754 1364 2831 Hujuemo·

372 2851 489 2911 dosunt
502 2872 576 2931 quos
588 2851 656 2911 Itali
671 2853 789 2930 brpfoses
798 2850 887 2929 vulgo
896 2860 1014 2911 vocant.
1046 2850 1206 2909 Archimims'
1219 2849 1363 2929 principes

372 2958 441 3007 suut
449 2947 630 3021 histrionum,
642 2948 702 3009 hoc
715 2958 769 3020 est,
778 2946 855 3007 inter
866 2944 1019 3007 histriones
1032 2944 1211 3005 solertissimi
1225 2957 1256 3007 et
1269 2948 1365 3007 excel-

372 3042 533 3104 lentissimi.
561 3044 690 3125 Etlologs'
701 3043 790 3116 mimi,
814 3044 994 3119 autetlopoes',
1007 3040 1364 3121 morumsunteffietores‚

373 3137 588 3221 affemaumqoe
596 3143 807 3220 cujuscumque
816 3159 950 3219 personae
958 3158 1046 3220 quam
1054 3138 1206 3213 smtinent,
1217 3150 1268 3199 aut
1279 3158 1366 3219 quam

372 3246 463 3315 agunt
481 3247 512 3297 et
525 3236 656 3297 referunt
666 3235 699 3296 in
710 3256 809 3317 saeua,
828 3236 906 3318 unde
927 3236 1065 3313 etlopoes'o,
1077 3254 1190 3295 morum
1203 3234 1365 3296 alienorum

372 3330 510 3393 imitatio:
526 3342 556 3393 et
564 3332 645 3393 etlirr'
652 3332 784 3415 pictores
803 3352 842 3393 ae
853 3330 985 3393 statuarii
994 3330 1072 3403 dicti,
1084 3330 1134 3413 qui
1144 3352 1211 3393 suas
1223 3331 1364 3413 imagines

371 3426 412 3503 ita
425 3428 595 3509 depingunt,
609 3418 659 3492 aut
676 3429 793 3503 caelant,
805 3440 840 3489 ut
853 3428 985 3488 sensibus
999 3428 1142 3509 expressis
1155 3429 1365 3511 propemodum

371 3524 492 3603 spirent.
529 3525 679 3602 Thymels'cs'
686 3524 764 3585 iuter
771 3523 906 3588 scenicos
915 3536 1031 3587 actores
1039 3537 1116 3597 sunt,
1131 3526 1188 3585 hoc
1202 3536 1259 3597 eat,
1273 3526 1365 3587 eitha-

372 3620 455 3691 roedi
469 3620 636 3691 citharistae,
648 3618 770 3699 lyristae,
784 3620 928 3683 tibicines.
960 3620 1115 3694 Cithorudi,
1127 3622 1178 3703 qui
1189 3632 1219 3683 et
1230 3621 1365 3683 fidicines

373 3715 520 3788 dieunhrr,
529 3715 648 3775 cithara
655 3715 839 3777 accinebant.
854 3716 1018 3791 chiram,
1030 3718 1171 3781 amaran
1182 3730 1296 3781 mutum
1304 3720 1367 3801 pul÷

355 3810 487 3883 'rabant
511 3831 571 3872 non
590 3822 690 3874 autem
710 3812 891 3875 accinebant
947 3813 1123 3889 Hujusmodi
1142 3816 1294 3896 thymelici
1314 3835 1367 3897 per

374 3907 553 3969 orchestram
566 3910 743 3989 prestabant
755 3910 886 3973 actiones
898 3928 974 3971 suas.
1009 3910 1093 3971 Ludii
1111 3910 1172 3972 sive
1194 3912 1365 3989 tediosam

367 4008 430 4080 jorn
444 4003 553 4065 dictum
562 4006 619 4084 est)
632 4006 745 4068 iieraut
754 4007 804 4088 qui
819 4006 991 4069 comoediam
1002 4006 1176 4097 recitabant
1196 4008 1233 4071 Io
1244 4028 1280 4069 ea
1287 4008 1366 4071 euim

373 4100 637 4164 recitandamirum
649 4102 707 4164 fuit
718 4103 880 4165 artificium.
909 4103 987 4163 Nam
1001 4104 1116 4166 candeo
1128 4106 1367 4189 temperabantur

372 4195 477 4271 modis,
490 4216 549 4256 non
568 4216 587 4258 a
605 4210 703 4280 poeta,
720 4200 774 4260 sed
787 4219 807 4260 a
819 4199 914 4281 perito
933 4199 1002 4261 artis
1015 4201 1134 4262 mauce
1146 4202 1250 4263 factis:
1270 4220 1366 4285 neque¹

373 4292 451 4353 enim
463 4294 561 4355 omnia
568 4294 671 4359 iisdem
683 4297 777 4357 modis
790 4296 821 4356 in
834 4316 892 4356 uuo
906 4296 1021 4359 cantico
1034 4300 1207 4377 agebantur,
1221 4298 1366 4379 sedsaepe

373 4391 490 4450 mutetis
501 4410 510 4451 t
531 4403 565 4451 ut
577 4390 750 4471 signifioont,
762 4392 812 4475 qui
825 4402 885 4453 tres
894 4413 1032 4455 numeros
1043 4395 1075 4455 in
1084 4395 1232 4457 comoediis
1243 4406 1365 4477 ponunt,

373 4487 423 4567 qui
432 4498 492 4548 tres
514 4488 664 4552 continent
683 4490 774 4549 orodoe
786 4488 894 4551 candel
906 4489 992 4551 illius.
1015 4490 1073 4563 Qui
1086 4491 1250 4573 hujusmodi
1264 4492 1365 4553 modos
1459 4482 1462 4489 ¹

373 4582 531 4657 faciebant,
545 4604 653 4648 nomen
672 4585 703 4645 in
719 4584 861 4669 principio
880 4585 987 4647 fabulae
1000 4598 1032 4647 et
1043 4587 1202 4669 scriptoris,
1216 4598 1247 4648 et
1258 4588 1365 4652 actoris

374 4682 623 4762 superponebat.
650 4682 835 4759 >llujnsmodi
850 4682 926 4745 adeo
947 4683 1076 4753 earmina
1093 4684 1132 4745 ad
1144 4684 1229 4745 tibias
1242 4683 1363 4765 liebspt,

372 4788 407 4846 ,ut
416 4777 461 4839 his
474 4779 590 4854 auditis,
603 4780 687 4870 multi
700 4800 740 4843 ex
756 4780 867 4863 popdo
880 4790 949 4846 ante
963 4780 1120 4867 discerent,
1134 4800 1223 4865 quam
1235 4780 1363 4861 fabulam
