3242 5559
600 750 665 813 De
686 750 957 817 uenenum.
1205 761 1274 823 xlvii

277 927 450 991 felicitatem
471 928 503 991 in
519 930 677 1005 comedin,
702 942 806 993 contre
827 943 938 995 erstem·
948 935 980 995 in
1003 936 1146 1016 nngmdis
1168 942 1274 1003 muturi

278 1036 377 1106 potest
389 1026 486 1087 sotio:
506 1026 548 1087 its
560 1038 593 1088 ut
604 1048 646 1091 cx
659 1040 831 1109 arguments
844 1032 926 1106 nihil,
939 1034 1020 1115 quod
1030 1036 1138 1099 udrem
1148 1047 1273 1117 spectet,

276 1124 412 1205 praemitti
424 1124 464 1185 iit
473 1144 602 1189 necesse.
646 1126 784 1191 Summus
799 1130 956 1193 Aristoteli
973 1133 1098 1195 ambitus
1108 1133 1191 1196 unius
1203 1133 1273 1197 solis

275 1232 339 1283 est:
360 1233 459 1302 potest
473 1241 538 1285 esse
550 1222 667 1303 uliquod
679 1224 827 1289 horariun.
866 1231 936 1299 Qun
947 1230 979 1289 in
991 1240 1077 1311 purte
1086 1228 1273 1294 admirandus

275 1318 438 1399 Sophocles
454 1320 677 1401 Terentiusque.
718 1323 840 1385 Ploutus
860 1345 931 1387 vero
953 1346 1060 1387 novem
1076 1346 1194 1389 menses
1212 1348 1272 1391 uno

273 1415 406 1479 nancte
419 1417 588 1497 complexus
601 1430 656 1481 est.
697 1420 740 1485 Ut
751 1420 898 1499 sixmsjm
911 1423 1091 1505 ampliorque
1100 1423 1273 1487 Homericae

271 1513 392 1585 Iliados,
405 1532 493 1593 quom
511 1514 732 1597 Amphitryonis
749 1517 787 1579 sit
800 1520 946 1599 periodon.
985 1521 1155 1585 Alcumeus
1172 1533 1272 1583 sutem

272 1609 400 1689 concipit
418 1619 449 1671 et
464 1611 550 1690 perit.
591 1614 719 1680 Quodsi
735 1614 822 1677 fieret
840 1615 960 1696 ubique,
974 1618 1057 1679 nullo
1067 1618 1198 1698 spisodo
1207 1622 1272 1698 jum

272 1725 347 1787 opus
355 1710 455 1767 'essen
474 1708 602 1789 idedque
614 1730 733 1773 uecors
745 1722 832 1783 esset,
842 1713 972 1775 scribere
979 1714 1163 1777 comoedism.
1189 1714 1272 1778 Prot·

272 1813 407 1883 terqusm
420 1804 502 1884 quod
514 1804 552 1890 sit
570 1808 693 1869 monstri
714 1808 814 1881 instar,
837 1820 869 1871 et
889 1831 958 1871 cum
976 1812 1089 1873 tutione
1112 1830 1150 1875 ec
1167 1824 1272 1876 usturs

271 1908 392 1981 pugnet,
405 1911 440 1960 ut
451 1920 519 1981 quse
533 1900 617 1963 simul
630 1913 661 1965 et
670 1904 816 1985 concipiat
828 1914 860 1966 et
871 1906 975 1986 periet.
1010 1907 1119 1975 Qualis
1131 1909 1272 1971 nonnulle

237 2028 243 2044 ι
269 1996 301 2057 in
314 1999 457 2078 scriptore
479 1998 537 2059 hoc
558 2019 688 2061 summus
706 2002 872 2063 criticorum
886 2004 987 2065 (ἔω
1001 2003 1135 2083 Scaliger
1147 2006 1269 2067 noterit

271 2095 376 2174 Atque
385 2095 450 2155 brec
461 2094 625 2157 ritsrersnt
637 2108 732 2177 poete
746 2098 855 2173 Graeci,
876 2118 1000 2179 quorum
1015 2099 1129 2182 scripto
1139 2102 1190 2163 hic
1203 2114 1269 2165 tsn-

268 2200 371 2271 topere
392 2192 580 2253 commendat
603 2194 745 2255 nmen:
769 2195 897 2256 techuici
917 2196 1104 2270 Grecorum,
1119 2200 1268 2279 quomodo

268 2288 388 2348 situnde
400 2292 500 2349 essent
512 2308 550 2349 so
569 2292 710 2365 csvmds,
730 2310 810 2371 sepe
829 2292 1014 2354 inculcarunt
1035 2294 1105 2355 suis.
1144 2295 1268 2358 Plautus

269 2404 376 2465 susque
390 2386 487 2467 deque
500 2386 612 2459 hibuit,
626 2398 661 2447 ut
679 2387 710 2447 in
729 2387 865 2467 captivis.
903 2389 1002 2460 Quum
1016 2389 1159 2450 incuriam
1178 2402 1268 2473 poeto

269 2500 337 2542 curn
349 2482 472 2555 videret,
488 2484 640 2545 continere
654 2504 687 2545 se
700 2503 759 2543 non
772 2485 877 2565 potuit,
892 2486 963 2566 quin
976 2487 1172 2548 exclamaret:

687 2685 729 2719 ror
743 2671 885 2735 memplnriu
896 2672 978 2720 Gneo

461 2753 582 2801 Nocturni
593 2758 684 2801 verume
693 2767 770 2811 nonu,
782 2759 874 2801 rerssts
883 2753 973 2801 ὥιιηι.

269 2930 380 2991 Contra
392 2929 601 3011 negligentium
615 2950 732 2990 suorum
751 2940 781 2989 et
799 2930 942 2991 incuriam
956 2930 1125 3011 gravissime
1137 2944 1263 2996 tuxnret.

267 3026 376 3093 Quidni
390 3026 468 3087 enim
482 3028 532 3108 qui
545 3028 604 3087 hoc
617 3038 680 3086 tum
694 3028 810 3105 agebat,
821 3027 900 3105 quod
911 3038 979 3087 unte
989 3046 1057 3088 eum
1069 3028 1262 3091 Aristoteles:

266 3122 315 3203 qui
328 3122 437 3205 ubique
456 3123 630 3205 Euripidem
652 3133 682 3184 et
699 3124 771 3184 ulios
789 3124 820 3184 in
841 3125 897 3184 illis
917 3126 1122 3205 reprehendit:
1142 3126 1263 3186 nauide

267 3221 383 3282 comicis
404 3242 472 3301 ques
496 3222 620 3302 scripsit,
642 3220 731 3281 hodie
751 3241 811 3281 nou
833 3232 960 3282 exstent.
1007 3221 1100 3281 Porro
1120 3222 1205 3281 simul
1228 3243 1263 3282 ec

264 3330 352 3399 poeto
364 3318 510 3380 actionem
522 3320 623 3390 hebet,
639 3317 736 3378 locum
749 3336 866 3397 quoque
879 3329 913 3377 ut
931 3317 1039 3377 actioni
1057 3318 1120 3389 det,
1141 3338 1263 3380 necesse

265 3428 321 3489 est,
335 3415 404 3496 quis
421 3416 485 3477 siue
504 3416 573 3477 loco
594 3414 658 3477 fieri
679 3414 719 3473 nil
740 3425 849 3495 potest.
891 3414 951 3474 Hic
964 3425 1064 3475 sutem
1077 3415 1161 3475 locus
1176 3420 1262 3489 σκηνὴ

263 3511 404 3591 δράματος
414 3532 433 3572 s
445 3512 553 3573 criticis
567 3522 699 3585 vocetur,
710 3516 793 3589 cujus
800 3510 889 3570 finem
897 3510 1040 3571 transilire
1050 3509 1143 3571 nefss.
1163 3510 1262 3573 Nemo

263 3610 341 3669 enirn
354 3620 486 3689 ternpore
497 3610 612 3681 eodem,
628 3610 736 3691 quode
747 3609 853 3669 Plauto
867 3618 947 3668 recte
958 3606 1074 3680 dicitur,
1089 3606 1159 3666 nlibi
1172 3618 1260 3687 etque

263 3706 331 3767 alibi
352 3708 461 3769 versari
480 3718 596 3787 potest:
616 3708 671 3768 nisi
693 3705 803 3787 aliquid
818 3715 1011 3766 monstrosum
1030 3704 1084 3765 fist
1102 3704 1134 3763 in
1152 3724 1260 3765 oomoe·

262 3799 319 3861 dis.
360 3800 445 3861 Idem
459 3812 567 3873 temen,
583 3821 650 3862 curn
665 3798 849 3861 Curculiouis
862 3818 980 3885 scenam
993 3796 1135 3880 Epidauri
1148 3796 1261 3878 posuis-

261 3904 323 3971 set,'
333 3898 459 3959 Romam
469 3896 572 3959 canuit
585 3896 616 3956 in
626 3897 739 3970 endem,
752 3906 783 3955 et
793 3896 824 3955 in
835 3894 1035 3957 Romanorum
1045 3914 1151 3968 mores,
1162 3914 1260 3955 scenos

262 4014 323 4055 sue
336 3999 400 4071 jnm
417 3995 534 4069 oblitum,
553 3995 646 4059 libere
665 3994 828 4065 invehitur3
849 3991 1019 4073 etquidem,
1033 4003 1067 4051 ut
1081 3991 1192 4075 nutiqui
1207 4014 1259 4056 co·

261 4093 339 4166 mici,
353 4093 494 4167 tnlrutim,
508 4092 550 4153 its
562 4102 639 4153 utet
656 4092 772 4171 singulo
784 4089 929 4150 describet
945 4089 1014 4150 locs
1033 4099 1093 4151 act.
1106 4101 1149 4163 tu,
1168 4109 1259 4151 scens

262 4190 369 4267 edepol.
410 4190 478 4253 Jsrn
492 4190 528 4249 τά
541 4188 637 4263 ἄλογα
649 4188 680 4247 in
690 4186 795 4247 sabulis
806 4206 896 4267 quam
908 4187 1018 4249 multe?
1037 4186 1079 4249 ite
1092 4207 1174 4259 voco,
1190 4207 1257 4268 quoe

261 4284 333 4343 nihil
353 4285 508 4348 verisimile
526 4286 646 4345 hebent
686 4284 760 4345 Tale
782 4296 838 4359 est,
861 4283 1002 4345 Sosiclem
1026 4283 1256 4359 Meuoechmum,

261 4381 311 4461 qui
323 4382 436 4443 veniret
450 4401 468 4441 e
483 4380 591 4461 Sicilie,
605 4392 766 4462 surreptum
784 4381 856 4441 item
869 4381 918 4462 qui
931 4380 962 4441 in
980 4380 1082 4462 Illyris
1095 4389 1158 4460 jam
1173 4383 1256 4444 hubi·

262 4486 350 4549 tsret,
368 4478 481 4550 habitu,
500 4478 607 4539 eodem
624 4486 765 4558 tempore,
779 4478 822 4539 itu
834 4477 919 4538 simili
931 4476 1031 4553 fuisse,
1044 4490 1078 4539 ut
1091 4480 1256 4559 dignoscis

260 4576 475 4655 pecntortbus
492 4596 553 4643 nun
572 4587 707 4661 possenti
732 4594 798 4637 cum
821 4574 893 4637 nihil
917 4575 1010 4643 simile
1027 4576 1172 4641 heberent
1190 4577 1255 4639 istoe

258 4682 373 4751 genter.
406 4674 496 4743 Quod
508 4672 620 4748 vitium,
630 4694 669 4737 ne
682 4694 702 4739 s
715 4674 845 4755 chorago
856 4674 976 4755 quidem
989 4674 1136 4742 emendari
1149 4682 1255 4754 potest.
