3242 5559
344 699 424 802 tuo
665 739 728 800 ne
761 737 1011 800 1111110.

345 940 447 1003 parum
461 918 584 1001 cognitis
597 920 673 981 vitiis
683 942 692 980 z
702 920 771 980 item
782 920 870 981 etiam
879 919 1047 997 Eteooymos,
1061 915 1129 997 quia
1135 914 1245 990 inesset
1254 912 1285 975 in
1298 928 1336 976 ea

346 1020 428 1079 reiut
445 1018 581 1077 historica
593 1016 666 1079 fides
679 1036 756 1076 verm
774 1014 952 1088 narrationis,
976 1025 1006 1075 et
1023 1014 1180 1074 nominatio
1198 1013 1336 1083 omnium,

348 1115 508 1193 dequibus
529 1113 718 1173 scribebatur.
760 1112 821 1171 Sed
834 1131 901 1171 cum
918 1123 1015 1192 poetoe
1027 1112 1058 1171 in
1080 1110 1235 1172 Comoediis
1255 1105 1337 1167 abuti

346 1210 481 1271 licentius
495 1210 570 1281 etilo,
592 1220 623 1269 et
636 1209 742 1289 passim
755 1209 863 1270 ioedere
885 1230 924 1269 ex
940 1207 1060 1269 libidine
1074 1207 1230 1287 cepissent
1240 1204 1339 1283 plures

348 1307 449 1379 bonos,
470 1306 537 1385 lege
551 1307 620 1379 iata,
634 1305 831 1385 nequisquam
841 1306 872 1364 in
884 1305 1007 1365 alterum
1020 1303 1127 1363 infame
1137 1319 1254 1363 carmen
1267 1298 1338 1358 scri·

348 1404 443 1483 beret,
464 1411 627 1462 tacuerunt.

312 1514 314 1518 ’
389 1498 492 1576 Satyro
512 1499 620 1559 exinde
643 1497 743 1558 sumsit
767 1496 924 1559 exordium.
972 1495 1085 1576 Estque
1109 1511 1201 1573 genus
1222 1488 1338 1562 fabule,

349 1614 415 1673 que.
429 1614 468 1653 ex
488 1593 607 1675 Satyris,
628 1612 699 1673 quos
719 1594 814 1654 illotos
828 1605 858 1654 et
871 1593 1034 1674 petulantes
1049 1592 1132 1651 Deos
1145 1610 1211 1651 esse
1223 1588 1339 1657 scimus,

349 1680 456 1750 nomen
470 1690 581 1749 sumsit
622 1690 689 1750 Fuit
702 1703 799 1751 autem
813 1689 962 1767 ejusmodi,
976 1699 1010 1747 ut
1023 1688 1053 1745 in
1064 1706 1109 1759 ea,
1124 1684 1258 1767 quamvis·
1268 1684 1341 1743 duro

352 1796 382 1846 et
393 1786 498 1865 agresti
514 1790 593 1865 joco,
613 1796 710 1845 tamen
723 1786 792 1846 vitia
804 1786 962 1855 bominum,
983 1784 1044 1842 sine
1058 1783 1118 1841 ullo
1131 1781 1238 1861 proprii
1251 1778 1344 1839 nomi·

351 1884 396 1942 nia
409 1880 504 1953 titulo,
525 1892 722 1961 carperentur,
737 1890 825 1959 atque
835 1900 888 1959 per
898 1880 1019 1959 scirpos,
1039 1891 1071 1937 et
1084 1878 1248 1957 aenigmata,
1262 1895 1343 1955 mag-

351 1998 458 2039 naeres
473 1978 714 2039 describerentur.
755 1977 791 2036 ld
808 1995 878 2037 vero
896 1994 989 2055 genus
1008 1974 1115 2033 fabule
1137 1973 1233 2033 multis
1250 1972 1345 2032 obfuit

352 2074 456 2154 poetis,
466 2093 552 2153 quum
564 2073 593 2132 in
603 2072 797 2153 suspicionem
805 2071 972 2152 potentibus
983 2070 1092 2129 civibus
1100 2069 1255 2140 venissent,
1265 2068 1345 2147 quod

352 2170 467 2230 illorum
479 2170 557 2230 facte
570 2169 789 2250 descripsissem
805 2169 836 2228 in
854 2173 946 2249 pejus,
966 2187 1002 2227 ac
1017 2167 1227 2228 deformassent
1238 2165 1345 2227 fabule

353 2287 448 2347 genus
461 2267 526 2327 stilo
541 2266 683 2327 carminis.

372 2424 374 2431 ,
394 2363 466 2423 Post
477 2362 622 2422 exoletam
637 2361 770 2441 Satyram
783 2360 932 2421 inventum
949 2371 994 2421 est
1007 2381 1026 2421 a
1037 2359 1131 2440 poetis
1144 2358 1223 2420 aliud
1235 2357 1343 2420 fabuioe

355 2478 458 2538 genus,
479 2478 545 2537 quae
560 2458 692 2518 Consedia
707 2476 777 2517 nono
790 2457 871 2518 dicto
890 2469 945 2518 est.
986 2457 1032 2517 Ea
1044 2467 1108 2516 erat
1120 2456 1229 2527 fabula,
1250 2454 1344 2515 conti·

354 2574 427 2615 nens
440 2554 594 2632 imaginem
613 2553 738 2613 civilium
759 2572 795 2613 ae
814 2554 990 2633 privatarum
1003 2572 1116 2613 rerume
1137 2572 1195 2631 qua
1213 2552 1345 2612 disceba-

330 2672 332 2679 ·
355 2662 413 2721 tur,
435 2649 504 2728 quid
517 2658 595 2707 esset
613 2649 642 2707 in
659 2648 719 2708 vita
739 2648 820 2719 utile,
841 2649 911 2728 quid
924 2648 1098 2709 evitandum.
1139 2648 1227 2709 Unde
1240 2648 1281 2708 ait
1295 2647 1345 2708 ci·

357 2766 436 2813 cero,
459 2745 637 2807 Comoediam
651 2765 715 2805 esse
730 2745 920 2807 imitationem
936 2745 1014 2820 vites,
1024 2745 1176 2824 speculum
1190 2755 1346 2806 consuetu·

356 2841 440 2913 dinis,
460 2841 616 2921 imaginem
627 2842 765 2903 veritatis.

397 2938 503 2997 Nomen
513 2937 603 2997 habet
616 2940 748 3010 comedia,
761 2938 808 3007 vei
822 2959 840 2998 e
853 2938 955 3010 Coruo,
970 2938 1039 2999 Deo
1053 2938 1278 3009 comessationis,
1299 2938 1347 2999 vel

357 3032 394 3117 ab
411 3052 447 3091 eo
465 3033 542 3112 quod
555 3033 677 3112 primum
697 3034 893 3095 Athenienses
907 3054 960 3114 per
972 3035 1051 3094 vicos
1064 3036 1161 3095 adbuc
1175 3036 1296 3115 dispersi
1310 3056 1348 3096 ex

358 3127 489 3188 omnibus
508 3129 578 3189 locis
598 3129 658 3189 ieeti
677 3131 847 3210 alacresque
862 3131 1090 3191 conveniebant:
1108 3132 1207 3211 ibique
1227 3132 1348 3192 rudibus

358 3233 390 3283 et
410 3224 526 3283 incultis
540 3225 670 3284 versibus
682 3228 887 3305 potentiorum,
909 3227 1086 3307 aliorumque
1108 3228 1180 3288 item
1198 3229 1347 3288 hominum

357 3318 428 3379 vitia
440 3322 608 3407 nominatim
620 3324 864 3402 perstringebant.
904 3324 1021 3384 Nomen
1033 3335 1131 3385 autem
1147 3325 1348 3405 compositum,
1428 3388 1431 3392 ,

358 3418 476 3476 ἀπὸτοῦ
495 3419 627 3497 κωμάζειν
641 3422 685 3477 καὶ
698 3418 785 3495 ᾅδειν.
825 3419 995 3493 11111111111111,
1014 3420 1165 3481 Cemoedlu
1181 3433 1226 3482 est
1243 3440 1349 3500 poema

360 3513 413 3574 sub
426 3512 587 3575 imitatione
600 3515 668 3575 vitoe
689 3534 725 3576 ec
746 3516 931 3576 similitudine
944 3518 1144 3597 compositum,
1165 3517 1195 3576 in
1214 3530 1299 3597 gestu
1318 3528 1349 3577 et

359 3611 595 3691 pronunciatione
614 3612 784 3672 consistens.
825 3613 861 3672 In
883 3633 920 3673 ea
940 3614 1102 3675 mediocres
1114 3615 1238 3674 formem
1255 3614 1350 3674 homi·

360 3726 439 3779 num,
453 3709 533 3786 parvi
546 3708 679 3787 impetus,
693 3708 822 3787 pericula
832 3710 1007 3789 quotidiana,
1021 3712 1188 3771 turbulente
1200 3710 1349 3791 principia,

361 3803 479 3883 letique
491 3804 609 3865 fuerunt
627 3805 730 3876 exitus,
755 3815 786 3864 et
801 3804 871 3866 ficta
892 3819 1072 3887 argumenta.
1113 3809 1215 3870 Caurit
1235 3828 1350 3888 quoque

362 3899 452 3961 choro
462 3920 537 3961 nova
551 3900 712 3974 Comoedia,
725 3912 921 3984 contraquam
931 3903 1035 3977 Vetus,
1048 3903 1242 3983 paulatimque
1252 3923 1351 3983 perso·

361 4015 464 4057 narum
475 4016 594 4056 numero
608 3998 638 4055 in
651 3997 777 4076 quinque
792 4000 888 4059 Actus
901 3985 1063 4079 processit:
1083 4001 1162 4079 quod
1174 4012 1244 4060 tune
1263 4019 1352 4078 quum

362 4090 399 4149 ad
410 4102 547 4179 penteres
560 4094 597 4152 eb
611 4093 754 4155 actoribus
767 4096 908 4155 transibat
921 4096 1030 4166 fabula,
1045 4107 1234 4175 consurgeret
1248 4106 1279 4155 et
1291 4096 1352 4156 abi·

362 4199 408 4248 ret
417 4189 552 4267 populus.
579 4190 628 4248 ¹ln
641 4210 677 4251 ee
690 4191 777 4252 etiarn
796 4212 984 4271 personarum
1000 4202 1118 4253 ornatus
1134 4193 1206 4253 alius
1218 4191 1352 4253 inventus

364 4292 416 4361 est,
429 4284 525 4362 pallia,
537 4286 626 4358 socci,
641 4296 672 4346 et
683 4286 714 4347 id
727 4307 820 4365 genus
833 4300 948 4348 caetera.

405 4378 476 4439 Post
488 4400 592 4442 novam
605 4382 784 4444 Comoediam
797 4383 889 4443 latini
900 4383 992 4444 multa
1000 4384 1161 4445 fabularum
1171 4404 1281 4464 genera
1289 4403 1355 4463 pro-

347 4491 351 4499 ·
364 4476 501 4548 tulerunt,
513 4499 579 4559 ques
588 4490 686 4539 tamen
699 4480 857 4540 comoediae
866 4480 1048 4541 dicebantur.
1078 4482 1200 4560 Togatae
1208 4481 1354 4541 vocabant

365 4591 384 4632 a
396 4574 520 4635 scenicis
533 4576 716 4647 indumentis,
731 4596 797 4655 quoe
813 4578 976 4637 Romanam
985 4588 1083 4657 togam
1092 4596 1153 4658 pree
1166 4597 1199 4639 se
1211 4578 1356 4647 ferebant,

365 4679 396 4729 ct
409 4671 446 4732 eb
460 4672 638 4753 argumentis
651 4672 781 4746 Latium
803 4673 987 4739 Proetmtotae
1005 4693 1025 4737 a
1039 4672 1182 4753 dignitate
1202 4684 1234 4737 et
1251 4672 1357 4735 vestitu
