<?xml version="1.0" encoding="UTF-8"?>
<!DOCTYPE html PUBLIC "-//W3C//DTD XHTML 1.0 Transitional//EN"
    "http://www.w3.org/TR/xhtml1/DTD/xhtml1-transitional.dtd">
<html xmlns="http://www.w3.org/1999/xhtml" xml:lang="en" lang="en">
 <head>
  <title>
</title>
<meta http-equiv="Content-Type" content="text/html;charset=utf-8" />
  <meta name='ocr-system' content='tesseract 3.04.00' />
  <meta name='ocr-capabilities' content='ocr_page ocr_carea ocr_par ocr_line ocrx_word'/>
</head>
<body>
  <div class='ocr_page' id='page_1' title='image "./pterentiicartha00ruhngoog/pterentiicartha00ruhngoog_0571.png"; bbox 0 0 3242 5559; ppageno 0'>
   <div class='ocr_carea' id='block_1_1' title="bbox 578 705 1324 774">
    <p class='ocr_par' dir='ltr' id='par_1_1' title="bbox 578 705 1324 774">
     <span class='ocr_line' id='line_1_1' title="bbox 578 705 1324 774; baseline -0.003 -2"><span class='ocrx_word' id='word_1_1' title='bbox 578 707 683 772; x_wconf 83' lang='lat' dir='ltr'><strong>ACT</strong></span> <span class='ocrx_word' id='word_1_2' title='bbox 705 708 754 773; x_wconf 91' lang='lat'><strong>11.</strong></span> <span class='ocrx_word' id='word_1_3' title='bbox 786 706 966 774; x_wconf 85' lang='lat' dir='ltr'><strong>SGENA</strong></span> <span class='ocrx_word' id='word_1_4' title='bbox 989 706 1019 770; x_wconf 90' lang='lat'><strong>1.</strong></span> <span class='ocrx_word' id='word_1_5' title='bbox 1258 705 1324 771; x_wconf 82' lang='grc'><strong>561</strong></span> 
     </span>
    </p>
   </div>
   <div class='ocr_carea' id='block_1_2' title="bbox 203 893 1330 2306">
    <p class='ocr_par' dir='ltr' id='par_1_2' title="bbox 290 893 1327 1072">
     <span class='ocr_line' id='line_1_2' title="bbox 290 893 1327 980; baseline -0.009 -15"><span class='ocrx_word' id='word_1_6' title='bbox 290 897 400 964; x_wconf 83' lang='lat' dir='ltr'><strong>Perii!</strong></span> <span class='ocrx_word' id='word_1_7' title='bbox 421 897 452 960; x_wconf 92' lang='lat' dir='ltr'><strong>is</strong></span> <span class='ocrx_word' id='word_1_8' title='bbox 466 895 560 972; x_wconf 88' lang='lat' dir='ltr'><strong>mibi,</strong></span> <span class='ocrx_word' id='word_1_9' title='bbox 574 897 634 961; x_wconf 93' lang='lat' dir='ltr'><strong>ubi</strong></span> <span class='ocrx_word' id='word_1_10' title='bbox 655 897 787 962; x_wconf 80' lang='lat' dir='ltr'><strong>adbibit</strong></span> <span class='ocrx_word' id='word_1_11' title='bbox 804 895 883 980; x_wconf 91' lang='lat' dir='ltr'><strong>plus</strong></span> <span class='ocrx_word' id='word_1_12' title='bbox 898 893 1014 978; x_wconf 91' lang='lat' dir='ltr'><strong>paulo,</strong></span> <span class='ocrx_word' id='word_1_13' title='bbox 1036 909 1099 956; x_wconf 83' lang='lat' dir='ltr'><strong>sua</strong></span> <span class='ocrx_word' id='word_1_14' title='bbox 1115 909 1194 974; x_wconf 74' lang='lat' dir='ltr'><strong>quse</strong></span> <span class='ocrx_word' id='word_1_15' title='bbox 1215 898 1327 971; x_wconf 77' lang='lat' dir='ltr'><strong>narrat</strong></span> 
     </span>
     <span class='ocr_line' id='line_1_3' title="bbox 419 1007 588 1072; baseline 0 -2"><span class='ocrx_word' id='word_1_16' title='bbox 419 1007 588 1072; x_wconf 83' lang='lat' dir='ltr'><strong>facinora!</strong></span> 
     </span>
    </p>

    <p class='ocr_par' dir='ltr' id='par_1_3' title="bbox 203 1113 1326 1202">
     <span class='ocr_line' id='line_1_4' title="bbox 203 1113 1326 1202; baseline -0.009 -18"><span class='ocrx_word' id='word_1_17' title='bbox 203 1156 207 1164; x_wconf 35' lang='grc' dir='ltr'><em>ι</em></span> <span class='ocrx_word' id='word_1_18' title='bbox 290 1117 394 1183; x_wconf 86' lang='lat' dir='ltr'><strong>Nunc</strong></span> <span class='ocrx_word' id='word_1_19' title='bbox 407 1119 466 1195; x_wconf 81' lang='lat' dir='ltr'><strong>ait,</strong></span> <span class='ocrx_word' id='word_1_20' title='bbox 477 1119 665 1202; x_wconf 83' lang='lat' dir='ltr'><strong>periculum</strong></span> <span class='ocrx_word' id='word_1_21' title='bbox 678 1133 724 1182; x_wconf 88' lang='lat' dir='ltr'><strong>ex</strong></span> <span class='ocrx_word' id='word_1_22' title='bbox 730 1116 808 1182; x_wconf 86' lang='lat' dir='ltr'><strong>aliis</strong></span> <span class='ocrx_word' id='word_1_23' title='bbox 820 1115 937 1193; x_wconf 84' lang='lat' dir='ltr'><strong>facito,</strong></span> <span class='ocrx_word' id='word_1_24' title='bbox 946 1115 1008 1179; x_wconf 89' lang='lat' dir='ltr'><strong>tibi</strong></span> <span class='ocrx_word' id='word_1_25' title='bbox 1018 1113 1109 1196; x_wconf 89' lang='lat' dir='ltr'><strong>quod</strong></span> <span class='ocrx_word' id='word_1_26' title='bbox 1120 1134 1165 1178; x_wconf 81' lang='lat' dir='ltr'><strong>ex</strong></span> <span class='ocrx_word' id='word_1_27' title='bbox 1174 1133 1239 1178; x_wconf 90' lang='lat' dir='ltr'><strong>usu</strong></span> <span class='ocrx_word' id='word_1_28' title='bbox 1251 1115 1326 1179; x_wconf 80' lang='lat' dir='ltr'><strong>siet.</strong></span> 
     </span>
    </p>

    <p class='ocr_par' dir='ltr' id='par_1_4' title="bbox 289 1223 1329 1406">
     <span class='ocr_line' id='line_1_5' title="bbox 289 1223 1327 1311; baseline -0.009 -17"><span class='ocrx_word' id='word_1_29' title='bbox 289 1227 452 1296; x_wconf 83' lang='lat' dir='ltr'><strong>Astutas:</strong></span> <span class='ocrx_word' id='word_1_30' title='bbox 474 1250 528 1296; x_wconf 83' lang='lat' dir='ltr'><strong>uae</strong></span> <span class='ocrx_word' id='word_1_31' title='bbox 544 1230 601 1294; x_wconf 88' lang='lat' dir='ltr'><strong>illo</strong></span> <span class='ocrx_word' id='word_1_32' title='bbox 616 1229 706 1294; x_wconf 86' lang='lat' dir='ltr'><strong>haud</strong></span> <span class='ocrx_word' id='word_1_33' title='bbox 728 1231 805 1305; x_wconf 89' lang='lat' dir='ltr'><strong>scit,</strong></span> <span class='ocrx_word' id='word_1_34' title='bbox 820 1247 922 1311; x_wconf 78' lang='lat' dir='ltr'><strong>quom</strong></span> <span class='ocrx_word' id='word_1_35' title='bbox 935 1223 1016 1290; x_wconf 90' lang='lat' dir='ltr'><strong>mihi</strong></span> <span class='ocrx_word' id='word_1_36' title='bbox 1029 1243 1117 1290; x_wconf 84' lang='lat' dir='ltr'><strong>nuno</strong></span> <span class='ocrx_word' id='word_1_37' title='bbox 1134 1223 1236 1290; x_wconf 90' lang='lat' dir='ltr'><strong>surdo</strong></span> <span class='ocrx_word' id='word_1_38' title='bbox 1250 1242 1327 1287; x_wconf 87' lang='lat' dir='ltr'><strong>nar·</strong></span> 
     </span>
     <span class='ocr_line' id='line_1_6' title="bbox 417 1339 1329 1406; baseline -0.011 -2"><span class='ocrx_word' id='word_1_39' title='bbox 417 1346 469 1405; x_wconf 87' lang='lat' dir='ltr'><strong>rot</strong></span> <span class='ocrx_word' id='word_1_40' title='bbox 483 1340 645 1406; x_wconf 85' lang='lat' dir='ltr'><strong>fabulam.</strong></span> <span class='ocrx_word' id='word_1_41' title='bbox 1079 1370 1081 1374; x_wconf 25' lang='grc' dir='ltr'><strong><em>ι</em></strong></span> <span class='ocrx_word' id='word_1_42' title='bbox 1288 1339 1329 1394; x_wconf 86' lang='grc'><strong>10</strong></span> 
     </span>
    </p>

    <p class='ocr_par' dir='ltr' id='par_1_5' title="bbox 292 1443 1327 1625">
     <span class='ocr_line' id='line_1_7' title="bbox 292 1443 1327 1533; baseline -0.01 -17"><span class='ocrx_word' id='word_1_43' title='bbox 292 1450 405 1533; x_wconf 79' lang='lat' dir='ltr'><strong>Magis</strong></span> <span class='ocrx_word' id='word_1_44' title='bbox 418 1471 508 1516; x_wconf 87' lang='lat' dir='ltr'><strong>nuuc</strong></span> <span class='ocrx_word' id='word_1_45' title='bbox 522 1471 577 1515; x_wconf 84' lang='lat' dir='ltr'><strong>ms</strong></span> <span class='ocrx_word' id='word_1_46' title='bbox 594 1451 714 1516; x_wconf 71' lang='lat' dir='ltr'><strong>amicos</strong></span> <span class='ocrx_word' id='word_1_47' title='bbox 736 1449 830 1514; x_wconf 86' lang='lat' dir='ltr'><strong>diota</strong></span> <span class='ocrx_word' id='word_1_48' title='bbox 851 1447 1032 1526; x_wconf 83' lang='lat' dir='ltr'><strong>stimulant,</strong></span> <span class='ocrx_word' id='word_1_49' title='bbox 1047 1445 1105 1511; x_wconf 82' lang='lat' dir='ltr'><strong>Da</strong></span> <span class='ocrx_word' id='word_1_50' title='bbox 1117 1443 1211 1523; x_wconf 90' lang='lat' dir='ltr'><strong>mihi,</strong></span> <span class='ocrx_word' id='word_1_51' title='bbox 1226 1448 1327 1526; x_wconf 85' lang='lat' dir='ltr'><strong>atquo</strong></span> 
     </span>
     <span class='ocr_line' id='line_1_8' title="bbox 420 1560 1215 1625; baseline -0.008 0"><span class='ocrx_word' id='word_1_52' title='bbox 420 1561 502 1625; x_wconf 84' lang='lat' dir='ltr'><strong>offer</strong></span> <span class='ocrx_word' id='word_1_53' title='bbox 514 1560 614 1625; x_wconf 86' lang='lat' dir='ltr'><strong>mihi:</strong></span> <span class='ocrx_word' id='word_1_54' title='bbox 1210 1585 1215 1606; x_wconf 89' lang='lat'><strong>·</strong></span> 
     </span>
    </p>

    <p class='ocr_par' dir='ltr' id='par_1_6' title="bbox 290 1665 1329 1846">
     <span class='ocr_line' id='line_1_9' title="bbox 290 1665 1329 1755; baseline -0.008 -19"><span class='ocrx_word' id='word_1_55' title='bbox 290 1670 355 1736; x_wconf 81' lang='lat' dir='ltr'><strong>Cui</strong></span> <span class='ocrx_word' id='word_1_56' title='bbox 369 1671 452 1755; x_wconf 90' lang='lat' dir='ltr'><strong>quid</strong></span> <span class='ocrx_word' id='word_1_57' title='bbox 464 1670 700 1755; x_wconf 77' lang='lat' dir='ltr'><strong>respondeam,</strong></span> <span class='ocrx_word' id='word_1_58' title='bbox 709 1667 793 1733; x_wconf 86' lang='lat' dir='ltr'>nihil</span> <span class='ocrx_word' id='word_1_59' title='bbox 806 1667 937 1748; x_wconf 85' lang='lat' dir='ltr'><strong>babeo;</strong></span> <span class='ocrx_word' id='word_1_60' title='bbox 958 1685 1135 1750; x_wconf 78' lang='lat' dir='ltr'><strong>mequomo</strong></span> <span class='ocrx_word' id='word_1_61' title='bbox 1150 1665 1329 1749; x_wconf 84' lang='lat' dir='ltr'><strong>quisquam</strong></span> 
     </span>
     <span class='ocr_line' id='line_1_10' title="bbox 421 1782 650 1846; baseline -0.004 -1"><span class='ocrx_word' id='word_1_62' title='bbox 421 1787 474 1846; x_wconf 85' lang='lat' dir='ltr'><strong>ost</strong></span> <span class='ocrx_word' id='word_1_63' title='bbox 487 1782 650 1846; x_wconf 85' lang='lat' dir='ltr'><strong>miserior.</strong></span> 
     </span>
    </p>

    <p class='ocr_par' dir='ltr' id='par_1_7' title="bbox 292 1885 1329 2067">
     <span class='ocr_line' id='line_1_11' title="bbox 292 1885 1329 1975; baseline -0.01 -17"><span class='ocrx_word' id='word_1_64' title='bbox 292 1891 383 1958; x_wconf 85' lang='lat' dir='ltr'><strong>Nam</strong></span> <span class='ocrx_word' id='word_1_65' title='bbox 404 1889 459 1956; x_wconf 87' lang='lat' dir='ltr'><strong>hio</strong></span> <span class='ocrx_word' id='word_1_66' title='bbox 475 1891 598 1971; x_wconf 81' lang='lat' dir='ltr'><strong>Clinia,</strong></span> <span class='ocrx_word' id='word_1_67' title='bbox 613 1892 679 1956; x_wconf 84' lang='lat' dir='ltr'><strong>etsi</strong></span> <span class='ocrx_word' id='word_1_68' title='bbox 697 1891 729 1956; x_wconf 90' lang='lat' dir='ltr'><strong>is</strong></span> <span class='ocrx_word' id='word_1_69' title='bbox 750 1908 886 1975; x_wconf 87' lang='lat' dir='ltr'><strong>quoquo</strong></span> <span class='ocrx_word' id='word_1_70' title='bbox 909 1906 1046 1954; x_wconf 82' lang='lat' dir='ltr'><strong>suarum</strong></span> <span class='ocrx_word' id='word_1_71' title='bbox 1064 1904 1174 1950; x_wconf 85' lang='lat' dir='ltr'><strong>rorum</strong></span> <span class='ocrx_word' id='word_1_72' title='bbox 1196 1885 1329 1968; x_wconf 78' lang='lat' dir='ltr'><strong>satagit,</strong></span> 
     </span>
     <span class='ocr_line' id='line_1_12' title="bbox 419 2007 566 2067; baseline 0 -1"><span class='ocrx_word' id='word_1_73' title='bbox 419 2007 566 2067; x_wconf 81' lang='lat' dir='ltr'><strong>attamen</strong></span> 
     </span>
    </p>

    <p class='ocr_par' dir='ltr' id='par_1_8' title="bbox 291 2107 1329 2196">
     <span class='ocr_line' id='line_1_13' title="bbox 291 2107 1329 2196; baseline -0.006 -21"><span class='ocrx_word' id='word_1_74' title='bbox 291 2110 409 2176; x_wconf 83' lang='lat' dir='ltr'><strong>Habet</strong></span> <span class='ocrx_word' id='word_1_75' title='bbox 415 2114 501 2177; x_wconf 83' lang='lat' dir='ltr'><strong>bone</strong></span> <span class='ocrx_word' id='word_1_76' title='bbox 509 2132 551 2177; x_wconf 85' lang='lat' dir='ltr'><strong>ac</strong></span> <span class='ocrx_word' id='word_1_77' title='bbox 562 2111 686 2196; x_wconf 87' lang='lat' dir='ltr'><strong>pudico</strong></span> <span class='ocrx_word' id='word_1_78' title='bbox 697 2112 865 2187; x_wconf 82' lang='lat' dir='ltr'><strong>eductam,</strong></span> <span class='ocrx_word' id='word_1_79' title='bbox 872 2111 1023 2194; x_wconf 74' lang='lat' dir='ltr'><strong>ignaram</strong></span> <span class='ocrx_word' id='word_1_80' title='bbox 1031 2107 1329 2173; x_wconf 84' lang='lat' dir='ltr'><strong>artismerotrioiso.</strong></span> 
     </span>
    </p>

    <p class='ocr_par' dir='ltr' id='par_1_9' title="bbox 292 2204 1330 2306">
     <span class='ocr_line' id='line_1_14' title="bbox 292 2204 1330 2306; baseline -0.01 -18"><span class='ocrx_word' id='word_1_81' title='bbox 292 2221 416 2288; x_wconf 84' lang='lat' dir='ltr'><strong>Mea’st</strong></span> <span class='ocrx_word' id='word_1_82' title='bbox 430 2204 563 2306; x_wconf 81' lang='lat' dir='ltr'><strong>potens,</strong></span> <span class='ocrx_word' id='word_1_83' title='bbox 576 2243 717 2306; x_wconf 77' lang='lat' dir='ltr'><strong>procax,</strong></span> <span class='ocrx_word' id='word_1_84' title='bbox 729 2222 919 2306; x_wconf 81' lang='lat' dir='ltr'><strong>magnifica,</strong></span> <span class='ocrx_word' id='word_1_85' title='bbox 931 2225 1117 2296; x_wconf 83' lang='lat' dir='ltr'><strong>sumtuosa,</strong></span> <span class='ocrx_word' id='word_1_86' title='bbox 1127 2217 1264 2282; x_wconf 88' lang='lat' dir='ltr'><strong>nobilis.</strong></span> <span class='ocrx_word' id='word_1_87' title='bbox 1293 2221 1330 2279; x_wconf 83' lang='lat'><strong>15</strong></span> 
     </span>
    </p>
   </div>
   <div class='ocr_carea' id='block_1_3' title="bbox 289 2427 1332 3004">
    <p class='ocr_par' dir='ltr' id='par_1_10' title="bbox 289 2427 1332 3004">
     <span class='ocr_line' id='line_1_15' title="bbox 325 2427 1223 2495; baseline -0.01 -15"><span class='ocrx_word' id='word_1_88' title='bbox 325 2435 341 2480; x_wconf 84' lang='lat'><strong>8</strong></span> <span class='ocrx_word' id='word_1_89' title='bbox 360 2431 506 2495; x_wconf 81' lang='lat' dir='ltr'><strong>Ubisdbibit]</strong></span> <span class='ocrx_word' id='word_1_90' title='bbox 523 2434 553 2480; x_wconf 78' lang='lat' dir='ltr'><strong>lu</strong></span> <span class='ocrx_word' id='word_1_91' title='bbox 564 2440 608 2488; x_wconf 86' lang='lat' dir='ltr'><strong>est,</strong></span> <span class='ocrx_word' id='word_1_92' title='bbox 620 2433 687 2480; x_wconf 81' lang='lat' dir='ltr'><strong>bibit.</strong></span> <span class='ocrx_word' id='word_1_93' title='bbox 720 2432 786 2480; x_wconf 79' lang='lat' dir='ltr'><strong>Nihil</strong></span> <span class='ocrx_word' id='word_1_94' title='bbox 835 2430 994 2492; x_wconf 78' lang='lat' dir='ltr'><strong>spondendum</strong></span> <span class='ocrx_word' id='word_1_95' title='bbox 1005 2429 1077 2476; x_wconf 79' lang='lat' dir='ltr'><strong>verbs</strong></span> <span class='ocrx_word' id='word_1_96' title='bbox 1087 2428 1177 2473; x_wconf 81' lang='lat' dir='ltr'><strong>desunt.</strong></span> <span class='ocrx_word' id='word_1_97' title='bbox 1195 2427 1223 2472; x_wconf 86' lang='lat' dir='ltr'><strong>E.</strong></span> 
     </span>
     <span class='ocr_line' id='line_1_16' title="bbox 290 2496 1331 2567; baseline -0.01 -15"><span class='ocrx_word' id='word_1_98' title='bbox 290 2505 344 2567; x_wconf 86' lang='lat' dir='ltr'><strong>plus</strong></span> <span class='ocrx_word' id='word_1_99' title='bbox 352 2505 474 2566; x_wconf 70' lang='lat' dir='ltr'><strong>signifieat,</strong></span> <span class='ocrx_word' id='word_1_100' title='bbox 488 2505 532 2551; x_wconf 88' lang='lat' dir='ltr'><strong>nisi</strong></span> <span class='ocrx_word' id='word_1_101' title='bbox 547 2507 690 2566; x_wconf 75' lang='lat' dir='ltr'><strong>aliquatenus</strong></span> <span class='ocrx_word' id='word_1_102' title='bbox 705 2511 788 2566; x_wconf 74' lang='lat' dir='ltr'><strong>sugent</strong></span> <span class='ocrx_word' id='word_1_103' title='bbox 869 2501 918 2550; x_wconf 84' lang='lat' dir='ltr'><strong>Nec</strong></span> <span class='ocrx_word' id='word_1_104' title='bbox 926 2516 959 2548; x_wconf 79' lang='lat' dir='ltr'><strong>ms</strong></span> <span class='ocrx_word' id='word_1_105' title='bbox 969 2498 1092 2563; x_wconf 76' lang='lat' dir='ltr'><strong>quisquam]</strong></span> <span class='ocrx_word' id='word_1_106' title='bbox 1105 2496 1194 2544; x_wconf 81' lang='lat' dir='ltr'><strong>Charis.</strong></span> <span class='ocrx_word' id='word_1_107' title='bbox 1205 2497 1246 2544; x_wconf 88' lang='lat' dir='ltr'><strong>lib.</strong></span> <span class='ocrx_word' id='word_1_108' title='bbox 1257 2497 1292 2544; x_wconf 90' lang='lat'><strong>11.</strong></span> <span class='ocrx_word' id='word_1_109' title='bbox 1303 2497 1331 2542; x_wconf 81' lang='lat'><strong>1..</strong></span> 
     </span>
     <span class='ocr_line' id='line_1_17' title="bbox 291 2570 1332 2640; baseline -0.009 -16"><span class='ocrx_word' id='word_1_110' title='bbox 291 2578 434 2639; x_wconf 75' lang='lat' dir='ltr'><strong>praepositio,</strong></span> <span class='ocrx_word' id='word_1_111' title='bbox 447 2577 481 2623; x_wconf 88' lang='lat' dir='ltr'><strong>uti</strong></span> <span class='ocrx_word' id='word_1_112' title='bbox 496 2579 554 2624; x_wconf 83' lang='lat' dir='ltr'><strong>dioit</strong></span> <span class='ocrx_word' id='word_1_113' title='bbox 566 2579 678 2625; x_wconf 72' lang='lat' dir='ltr'><strong>Donatus.</strong></span> <span class='ocrx_word' id='word_1_114' title='bbox 712 2577 786 2634; x_wconf 79' lang='lat' dir='ltr'><strong>Quam</strong></span> <span class='ocrx_word' id='word_1_115' title='bbox 867 2578 918 2622; x_wconf 87' lang='lat' dir='ltr'><strong>Pro</strong></span> <span class='ocrx_word' id='word_1_116' title='bbox 938 2575 992 2637; x_wconf 78' lang='lat' dir='ltr'><strong>quid</strong></span> <span class='ocrx_word' id='word_1_117' title='bbox 1008 2575 1057 2640; x_wconf 56' lang='grc' dir='ltr'>Ἰος.</span> <span class='ocrx_word' id='word_1_118' title='bbox 1078 2587 1131 2618; x_wconf 88' lang='lat' dir='ltr'><strong>oum</strong></span> <span class='ocrx_word' id='word_1_119' title='bbox 1149 2571 1216 2618; x_wconf 90' lang='lat' dir='ltr'><strong>libris</strong></span> <span class='ocrx_word' id='word_1_120' title='bbox 1237 2570 1332 2630; x_wconf 86' lang='lat' dir='ltr'><strong>aliquot,</strong></span> 
     </span>
     <span class='ocr_line' id='line_1_18' title="bbox 291 2649 947 2712; baseline -0.011 -13"><span class='ocrx_word' id='word_1_121' title='bbox 291 2651 397 2712; x_wconf 77' lang='lat' dir='ltr'><strong>petulans</strong></span> <span class='ocrx_word' id='word_1_122' title='bbox 407 2649 438 2696; x_wconf 89' lang='lat' dir='ltr'><strong>sit</strong></span> <span class='ocrx_word' id='word_1_123' title='bbox 446 2650 506 2697; x_wconf 80' lang='lat' dir='ltr'><strong>filius</strong></span> <span class='ocrx_word' id='word_1_124' title='bbox 514 2650 538 2696; x_wconf 87' lang='lat' dir='ltr'><strong>iu</strong></span> <span class='ocrx_word' id='word_1_125' title='bbox 549 2659 675 2711; x_wconf 69' lang='lat' dir='ltr'><strong>pareutum,</strong></span> <span class='ocrx_word' id='word_1_126' title='bbox 686 2649 788 2698; x_wconf 79' lang='lat' dir='ltr'><strong>ostendi·</strong></span> <span class='ocrx_word' id='word_1_127' title='bbox 835 2649 899 2710; x_wconf 71' lang='lat' dir='ltr'><strong>prod.</strong></span> <span class='ocrx_word' id='word_1_128' title='bbox 919 2649 947 2692; x_wconf 93' lang='grc' dir='ltr'><strong>Β.</strong></span> 
     </span>
     <span class='ocr_line' id='line_1_19' title="bbox 290 2714 1332 2784; baseline -0.011 -14"><span class='ocrx_word' id='word_1_129' title='bbox 290 2730 342 2770; x_wconf 82' lang='lat' dir='ltr'><strong>tur:</strong></span> <span class='ocrx_word' id='word_1_130' title='bbox 360 2725 425 2783; x_wconf 86' lang='lat' dir='ltr'><strong>sajus</strong></span> <span class='ocrx_word' id='word_1_131' title='bbox 434 2731 550 2784; x_wconf 79' lang='lat' dir='ltr'><strong>praeospts</strong></span> <span class='ocrx_word' id='word_1_132' title='bbox 561 2723 692 2770; x_wconf 75' lang='lat' dir='ltr'><strong>coutemnit.</strong></span> <span class='ocrx_word' id='word_1_133' title='bbox 709 2723 736 2768; x_wconf 93' lang='grc'>0.</span> <span class='ocrx_word' id='word_1_134' title='bbox 869 2725 900 2768; x_wconf 80' lang='grc'><strong>13</strong></span> <span class='ocrx_word' id='word_1_135' title='bbox 916 2719 1014 2782; x_wconf 80' lang='lat' dir='ltr'><strong>Sotogr&#39;t]</strong></span> <span class='ocrx_word' id='word_1_136' title='bbox 1032 2715 1144 2764; x_wconf 83' lang='lat' dir='ltr'><strong>Gouitiro</strong></span> <span class='ocrx_word' id='word_1_137' title='bbox 1152 2714 1265 2776; x_wconf 80' lang='lat' dir='ltr'><strong>Jungitur.</strong></span> <span class='ocrx_word' id='word_1_138' title='bbox 1293 2714 1332 2760; x_wconf 84' lang='lat' dir='ltr'><strong>Sa-</strong></span> 
     </span>
     <span class='ocr_line' id='line_1_20' title="bbox 326 2787 1332 2856; baseline -0.007 -14"><span class='ocrx_word' id='word_1_139' title='bbox 326 2794 370 2842; x_wconf 71' lang='lat' dir='ltr'><strong>Ubi</strong></span> <span class='ocrx_word' id='word_1_140' title='bbox 380 2795 464 2842; x_wconf 74' lang='lat' dir='ltr'><strong>adbibit</strong></span> <span class='ocrx_word' id='word_1_141' title='bbox 469 2795 520 2856; x_wconf 87' lang='lat' dir='ltr'><strong>pius</strong></span> <span class='ocrx_word' id='word_1_142' title='bbox 528 2794 617 2856; x_wconf 79' lang='lat' dir='ltr'><strong>psallo]</strong></span> <span class='ocrx_word' id='word_1_143' title='bbox 629 2795 746 2842; x_wconf 79' lang='lat' dir='ltr'><strong>Piutsrob.</strong></span> <span class='ocrx_word' id='word_1_144' title='bbox 758 2793 788 2838; x_wconf 78' lang='lat' dir='ltr'><strong>ds</strong></span> <span class='ocrx_word' id='word_1_145' title='bbox 836 2795 901 2856; x_wconf 81' lang='lat' dir='ltr'><strong>tagit,</strong></span> <span class='ocrx_word' id='word_1_146' title='bbox 920 2793 945 2838; x_wconf 92' lang='lat' dir='ltr'><strong>id</strong></span> <span class='ocrx_word' id='word_1_147' title='bbox 963 2799 1007 2844; x_wconf 84' lang='lat' dir='ltr'><strong>est,</strong></span> <span class='ocrx_word' id='word_1_148' title='bbox 1028 2789 1110 2838; x_wconf 70' lang='lat' dir='ltr'><strong>auxius</strong></span> <span class='ocrx_word' id='word_1_149' title='bbox 1128 2795 1164 2837; x_wconf 85' lang='lat' dir='ltr'><strong>ost</strong></span> <span class='ocrx_word' id='word_1_150' title='bbox 1184 2795 1207 2835; x_wconf 83' lang='lat' dir='ltr'><strong>st</strong></span> <span class='ocrx_word' id='word_1_151' title='bbox 1226 2787 1332 2835; x_wconf 85' lang='lat' dir='ltr'><strong>curiosus</strong></span> 
     </span>
     <span class='ocr_line' id='line_1_21' title="bbox 290 2865 1066 2929; baseline -0.008 -14"><span class='ocrx_word' id='word_1_152' title='bbox 290 2867 421 2915; x_wconf 78' lang='lat' dir='ltr'><strong>suiisudat.</strong></span> <span class='ocrx_word' id='word_1_153' title='bbox 440 2869 545 2915; x_wconf 77' lang='lat' dir='ltr'><strong>Ambros.</strong></span> <span class='ocrx_word' id='word_1_154' title='bbox 553 2869 583 2914; x_wconf 79' lang='lat' dir='ltr'><strong>de</strong></span> <span class='ocrx_word' id='word_1_155' title='bbox 591 2868 683 2928; x_wconf 86' lang='lat' dir='ltr'><strong>Jejunio</strong></span> <span class='ocrx_word' id='word_1_156' title='bbox 690 2867 784 2929; x_wconf 83' lang='lat' dir='ltr'><strong>oap.13.</strong></span> <span class='ocrx_word' id='word_1_157' title='bbox 836 2881 927 2913; x_wconf 80' lang='lat' dir='ltr'><strong>suarum</strong></span> <span class='ocrx_word' id='word_1_158' title='bbox 935 2880 1021 2912; x_wconf 80' lang='lat' dir='ltr'><strong>rerum.</strong></span> <span class='ocrx_word' id='word_1_159' title='bbox 1039 2865 1066 2910; x_wconf 94' lang='grc'>0.</span> 
     </span>
     <span class='ocr_line' id='line_1_22' title="bbox 289 2935 1332 3004; baseline -0.007 -17"><span class='ocrx_word' id='word_1_160' title='bbox 289 2941 321 2987; x_wconf 85' lang='lat' dir='ltr'><strong>ibi</strong></span> <span class='ocrx_word' id='word_1_161' title='bbox 331 2943 480 3004; x_wconf 63' lang='lat' dir='ltr'><strong>unisquisque</strong></span> <span class='ocrx_word' id='word_1_162' title='bbox 493 2957 582 3004; x_wconf 76' lang='lat' dir='ltr'><strong>pugnos</strong></span> <span class='ocrx_word' id='word_1_163' title='bbox 592 2949 671 2988; x_wconf 64' lang='grc' dir='ltr'><strong>καιναί</strong></span> <span class='ocrx_word' id='word_1_164' title='bbox 686 2955 745 2994; x_wconf 79' lang='lat' dir='ltr'><strong>mas,</strong></span> <span class='ocrx_word' id='word_1_165' title='bbox 755 2937 787 2984; x_wconf 80' lang='lat' dir='ltr'><strong>ibi</strong></span> <span class='ocrx_word' id='word_1_166' title='bbox 868 2939 966 2986; x_wconf 73' lang='lat' dir='ltr'><strong>Sauram</strong></span> <span class='ocrx_word' id='word_1_167' title='bbox 976 2952 1051 2982; x_wconf 74' lang='lat' dir='ltr'><strong>rurum</strong></span> <span class='ocrx_word' id='word_1_168' title='bbox 1061 2935 1154 2998; x_wconf 77' lang='lat' dir='ltr'><strong>satagit]</strong></span> <span class='ocrx_word' id='word_1_169' title='bbox 1173 2935 1223 2982; x_wconf 84' lang='lat' dir='ltr'><strong>Etsi</strong></span> <span class='ocrx_word' id='word_1_170' title='bbox 1240 2935 1259 2982; x_wconf 84' lang='lat' dir='ltr'><strong>is</strong></span> <span class='ocrx_word' id='word_1_171' title='bbox 1275 2950 1332 2996; x_wconf 84' lang='lat' dir='ltr'><strong>quo·</strong></span> 
     </span>
    </p>
   </div>
   <div class='ocr_carea' id='block_1_4' title="bbox 283 3010 787 3138">
    <p class='ocr_par' dir='ltr' id='par_1_11' title="bbox 283 3010 787 3138">
     <span class='ocr_line' id='line_1_23' title="bbox 283 3010 786 3077; baseline -0.008 -18"><span class='ocrx_word' id='word_1_172' title='bbox 283 3012 358 3077; x_wconf 74' lang='lat' dir='ltr'><strong>fortis</strong></span> <span class='ocrx_word' id='word_1_173' title='bbox 367 3011 436 3077; x_wconf 71' lang='lat' dir='ltr'><strong>saco</strong></span> <span class='ocrx_word' id='word_1_174' title='bbox 454 3015 569 3074; x_wconf 67' lang='lat' dir='ltr'><strong>pradum,</strong></span> <span class='ocrx_word' id='word_1_175' title='bbox 587 3022 667 3060; x_wconf 77' lang='lat' dir='ltr'><strong>namt</strong></span> <span class='ocrx_word' id='word_1_176' title='bbox 683 3010 786 3073; x_wconf 64' lang='lat' dir='ltr'><strong>trophos.</strong></span> 
     </span>
     <span class='ocr_line' id='line_1_24' title="bbox 294 3083 787 3138; baseline 0.002 -8"><span class='ocrx_word' id='word_1_177' title='bbox 294 3083 348 3134; x_wconf 84' lang='lat' dir='ltr'><strong>Virro</strong></span> <span class='ocrx_word' id='word_1_178' title='bbox 354 3086 439 3132; x_wconf 80' lang='lat' dir='ltr'><strong>madidi</strong></span> <span class='ocrx_word' id='word_1_179' title='bbox 446 3087 597 3133; x_wconf 75' lang='lat' dir='ltr'><strong>etsomnotenti</strong></span> <span class='ocrx_word' id='word_1_180' title='bbox 604 3088 703 3132; x_wconf 77' lang='lat' dir='ltr'><strong>nesciunt</strong></span> <span class='ocrx_word' id='word_1_181' title='bbox 709 3092 787 3138; x_wconf 72' lang='lat' dir='ltr'><strong>ments,</strong></span> 
     </span>
    </p>
   </div>
   <div class='ocr_carea' id='block_1_5' title="bbox 290 3156 762 3279">
    <p class='ocr_par' dir='ltr' id='par_1_12' title="bbox 290 3156 762 3279">
     <span class='ocr_line' id='line_1_25' title="bbox 290 3156 594 3220; baseline -0.01 -16"><span class='ocrx_word' id='word_1_182' title='bbox 290 3160 345 3220; x_wconf 76' lang='lat' dir='ltr'><strong>quid</strong></span> <span class='ocrx_word' id='word_1_183' title='bbox 355 3159 435 3220; x_wconf 76' lang='lat' dir='ltr'><strong>lingua</strong></span> <span class='ocrx_word' id='word_1_184' title='bbox 443 3156 550 3218; x_wconf 82' lang='lat' dir='ltr'><strong>proferat.</strong></span> <span class='ocrx_word' id='word_1_185' title='bbox 567 3158 594 3202; x_wconf 81' lang='lat' dir='ltr'><strong>b.</strong></span> 
     </span>
     <span class='ocr_line' id='line_1_26' title="bbox 324 3220 762 3279; baseline -0.007 -9"><span class='ocrx_word' id='word_1_186' title='bbox 324 3227 340 3270; x_wconf 86' lang='lat'><strong>9</strong></span> <span class='ocrx_word' id='word_1_187' title='bbox 356 3223 429 3279; x_wconf 63' lang='lat' dir='ltr'><strong>tage,</strong></span> <span class='ocrx_word' id='word_1_188' title='bbox 440 3229 466 3266; x_wconf 91' lang='lat' dir='ltr'><strong>ut</strong></span> <span class='ocrx_word' id='word_1_189' title='bbox 476 3237 544 3267; x_wconf 78' lang='lat' dir='ltr'><strong>soona</strong></span> <span class='ocrx_word' id='word_1_190' title='bbox 554 3220 667 3279; x_wconf 74' lang='lat' dir='ltr'><strong>superiori</strong></span> <span class='ocrx_word' id='word_1_191' title='bbox 677 3222 716 3266; x_wconf 83' lang='lat'><strong>36.</strong></span> <span class='ocrx_word' id='word_1_192' title='bbox 734 3221 762 3267; x_wconf 79' lang='lat' dir='ltr'><strong>B.</strong></span> 
     </span>
    </p>
   </div>
   <div class='ocr_carea' id='block_1_6' title="bbox 290 3290 791 4443">
    <p class='ocr_par' dir='ltr' id='par_1_13' title="bbox 290 3290 788 3486">
     <span class='ocr_line' id='line_1_27' title="bbox 324 3290 787 3352; baseline -0.004 -14"><span class='ocrx_word' id='word_1_193' title='bbox 324 3296 356 3338; x_wconf 90' lang='lat'><strong>10</strong></span> <span class='ocrx_word' id='word_1_194' title='bbox 373 3291 416 3339; x_wconf 74' lang='lat' dir='ltr'><strong>Ns</strong></span> <span class='ocrx_word' id='word_1_195' title='bbox 431 3291 482 3352; x_wconf 77' lang='lat' dir='ltr'><strong>itte]</strong></span> <span class='ocrx_word' id='word_1_196' title='bbox 500 3290 542 3338; x_wconf 69' lang='grc' dir='ltr'><strong>Νι</strong></span> <span class='ocrx_word' id='word_1_197' title='bbox 555 3298 671 3350; x_wconf 78' lang='lat' dir='ltr'><strong>procerte</strong></span> <span class='ocrx_word' id='word_1_198' title='bbox 688 3291 787 3352; x_wconf 87' lang='lat' dir='ltr'><strong>ponitur.</strong></span> 
     </span>
     <span class='ocr_line' id='line_1_28' title="bbox 291 3362 788 3425; baseline -0.004 -13"><span class='ocrx_word' id='word_1_199' title='bbox 291 3363 314 3412; x_wconf 87' lang='lat' dir='ltr'><em>F</em></span> <span class='ocrx_word' id='word_1_200' title='bbox 313 3362 412 3425; x_wconf 66' lang='lat' dir='ltr'><strong>mutas]</strong></span> <span class='ocrx_word' id='word_1_201' title='bbox 430 3362 491 3411; x_wconf 75' lang='lat' dir='ltr'><strong>Nom</strong></span> <span class='ocrx_word' id='word_1_202' title='bbox 499 3363 582 3410; x_wconf 75' lang='lat' dir='ltr'><strong>isbuioe</strong></span> <span class='ocrx_word' id='word_1_203' title='bbox 591 3362 644 3409; x_wconf 82' lang='lat' dir='ltr'><strong>loso</strong></span> <span class='ocrx_word' id='word_1_204' title='bbox 654 3363 726 3408; x_wconf 76' lang='lat' dir='ltr'><strong>babeo</strong></span> <span class='ocrx_word' id='word_1_205' title='bbox 738 3365 788 3423; x_wconf 79' lang='lat' dir='ltr'><strong>ejus</strong></span> 
     </span>
     <span class='ocr_line' id='line_1_29' title="bbox 290 3436 474 3486; baseline -0.016 0"><span class='ocrx_word' id='word_1_206' title='bbox 290 3453 426 3486; x_wconf 78' lang='lat' dir='ltr'><strong>sermonem.</strong></span> <span class='ocrx_word' id='word_1_207' title='bbox 447 3436 474 3483; x_wconf 92' lang='grc'>0.</span> 
     </span>
    </p>

    <p class='ocr_par' dir='ltr' id='par_1_14' title="bbox 290 3507 787 3717">
     <span class='ocr_line' id='line_1_30' title="bbox 322 3507 787 3570; baseline 0 -15"><span class='ocrx_word' id='word_1_208' title='bbox 322 3509 395 3556; x_wconf 78' lang='lat' dir='ltr'><strong>Sardo</strong></span> <span class='ocrx_word' id='word_1_209' title='bbox 405 3507 495 3570; x_wconf 69' lang='lat' dir='ltr'><strong>nona]</strong></span> <span class='ocrx_word' id='word_1_210' title='bbox 505 3508 641 3569; x_wconf 73' lang='lat' dir='ltr'><strong>Hieronym.</strong></span> <span class='ocrx_word' id='word_1_211' title='bbox 653 3509 683 3554; x_wconf 82' lang='lat' dir='ltr'><strong>ds</strong></span> <span class='ocrx_word' id='word_1_212' title='bbox 697 3507 787 3555; x_wconf 72' lang='lat' dir='ltr'><strong>viani.</strong></span> 
     </span>
     <span class='ocr_line' id='line_1_31' title="bbox 290 3579 787 3642; baseline -0.006 -13"><span class='ocrx_word' id='word_1_213' title='bbox 290 3588 400 3642; x_wconf 75' lang='lat' dir='ltr'><strong>suspecto</strong></span> <span class='ocrx_word' id='word_1_214' title='bbox 420 3582 538 3628; x_wconf 83' lang='lat' dir='ltr'><strong>ooutubsr.</strong></span> <span class='ocrx_word' id='word_1_215' title='bbox 552 3580 653 3628; x_wconf 77' lang='lat' dir='ltr'><strong>Aristeu.</strong></span> <span class='ocrx_word' id='word_1_216' title='bbox 673 3581 695 3626; x_wconf 90' lang='lat'><strong>1.</strong></span> <span class='ocrx_word' id='word_1_217' title='bbox 711 3579 787 3641; x_wconf 78' lang='lat' dir='ltr'><strong>Epist.</strong></span> 
     </span>
     <span class='ocr_line' id='line_1_32' title="bbox 292 3653 604 3717; baseline 0 -15"><span class='ocrx_word' id='word_1_218' title='bbox 292 3659 332 3704; x_wconf 79' lang='lat'><strong>28.</strong></span> <span class='ocrx_word' id='word_1_219' title='bbox 348 3657 410 3717; x_wconf 61' lang='lat' dir='ltr'><strong>napi</strong></span> <span class='ocrx_word' id='word_1_220' title='bbox 422 3653 489 3716; x_wconf 70' lang='lat' dir='ltr'><strong>mpii</strong></span> <span class='ocrx_word' id='word_1_221' title='bbox 498 3654 559 3701; x_wconf 69' lang='lat' dir='ltr'><strong>ltro.</strong></span> <span class='ocrx_word' id='word_1_222' title='bbox 575 3655 604 3702; x_wconf 75' lang='lat' dir='ltr'><strong>Is-</strong></span> 
     </span>
    </p>

    <p class='ocr_par' dir='ltr' id='par_1_15' title="bbox 290 3726 790 4284">
     <span class='ocr_line' id='line_1_33' title="bbox 325 3726 788 3790; baseline -0.002 -17"><span class='ocrx_word' id='word_1_223' title='bbox 325 3727 400 3781; x_wconf 81' lang='lat' dir='ltr'><strong>Quam</strong></span> <span class='ocrx_word' id='word_1_224' title='bbox 409 3727 465 3774; x_wconf 82' lang='lat' dir='ltr'><strong>mibi</strong></span> <span class='ocrx_word' id='word_1_225' title='bbox 474 3742 535 3773; x_wconf 78' lang='lat' dir='ltr'><strong>nuno</strong></span> <span class='ocrx_word' id='word_1_226' title='bbox 550 3727 617 3774; x_wconf 81' lang='lat' dir='ltr'><strong>surdo</strong></span> <span class='ocrx_word' id='word_1_227' title='bbox 632 3733 709 3774; x_wconf 73' lang='lat' dir='ltr'><strong>ranst</strong></span> <span class='ocrx_word' id='word_1_228' title='bbox 715 3726 788 3790; x_wconf 82' lang='lat' dir='ltr'><strong>suba-</strong></span> 
     </span>
     <span class='ocr_line' id='line_1_34' title="bbox 292 3798 789 3862; baseline -0.006 -13"><span class='ocrx_word' id='word_1_229' title='bbox 292 3798 348 3862; x_wconf 69' lang='lat' dir='ltr'><strong>ioro]</strong></span> <span class='ocrx_word' id='word_1_230' title='bbox 360 3799 392 3845; x_wconf 85' lang='grc' dir='ltr'>Η.</span> <span class='ocrx_word' id='word_1_231' title='bbox 404 3817 424 3848; x_wconf 82' lang='lat' dir='ltr'><strong>e.</strong></span> <span class='ocrx_word' id='word_1_232' title='bbox 438 3802 513 3860; x_wconf 81' lang='lat' dir='ltr'><strong>qusm&#39;</strong></span> <span class='ocrx_word' id='word_1_233' title='bbox 521 3799 586 3848; x_wconf 74' lang='lat' dir='ltr'><strong>irrito</strong></span> <span class='ocrx_word' id='word_1_234' title='bbox 604 3799 661 3846; x_wconf 87' lang='lat' dir='ltr'><strong>mibi</strong></span> <span class='ocrx_word' id='word_1_235' title='bbox 678 3800 718 3845; x_wconf 82' lang='lat' dir='ltr'><strong>dot</strong></span> <span class='ocrx_word' id='word_1_236' title='bbox 729 3815 789 3859; x_wconf 79' lang='lat' dir='ltr'><strong>prro-</strong></span> 
     </span>
     <span class='ocr_line' id='line_1_35' title="bbox 292 3872 788 3933; baseline 0.004 -15"><span class='ocrx_word' id='word_1_237' title='bbox 292 3879 367 3932; x_wconf 84' lang='lat' dir='ltr'><strong>ospts.</strong></span> <span class='ocrx_word' id='word_1_238' title='bbox 408 3872 527 3929; x_wconf 82' lang='lat' dir='ltr'><strong>Horatios,</strong></span> <span class='ocrx_word' id='word_1_239' title='bbox 547 3873 615 3933; x_wconf 81' lang='lat' dir='ltr'><strong>epist.</strong></span> <span class='ocrx_word' id='word_1_240' title='bbox 633 3873 668 3918; x_wconf 91' lang='lat'><strong>11.</strong></span> <span class='ocrx_word' id='word_1_241' title='bbox 690 3879 711 3920; x_wconf 91' lang='lat'><strong>1.</strong></span> <span class='ocrx_word' id='word_1_242' title='bbox 733 3877 788 3920; x_wconf 84' lang='lat'>199.</span> 
     </span>
     <span class='ocr_line' id='line_1_36' title="bbox 290 3945 790 4005; baseline 0.006 -15"><span class='ocrx_word' id='word_1_243' title='bbox 290 3945 404 4004; x_wconf 77' lang='lat' dir='ltr'><strong>scriptores</strong></span> <span class='ocrx_word' id='word_1_244' title='bbox 418 3954 493 3992; x_wconf 82' lang='lat' dir='ltr'><strong>autem</strong></span> <span class='ocrx_word' id='word_1_245' title='bbox 508 3961 601 3992; x_wconf 83' lang='lat' dir='ltr'><strong>usrrsrs</strong></span> <span class='ocrx_word' id='word_1_246' title='bbox 618 3954 708 4005; x_wconf 77' lang='lat' dir='ltr'><strong>putaret</strong></span> <span class='ocrx_word' id='word_1_247' title='bbox 724 3946 790 3993; x_wconf 78' lang='lat' dir='ltr'><strong>asello</strong></span> 
     </span>
     <span class='ocr_line' id='line_1_37' title="bbox 291 4015 788 4079; baseline 0.004 -17"><span class='ocrx_word' id='word_1_248' title='bbox 291 4015 408 4079; x_wconf 81' lang='lat' dir='ltr'><strong>Fabellam</strong></span> <span class='ocrx_word' id='word_1_249' title='bbox 418 4018 494 4063; x_wconf 86' lang='lat' dir='ltr'><strong>surdo.</strong></span> <span class='ocrx_word' id='word_1_250' title='bbox 513 4017 659 4078; x_wconf 78' lang='lat' dir='ltr'><strong>Propertius,</strong></span> <span class='ocrx_word' id='word_1_251' title='bbox 666 4018 707 4064; x_wconf 84' lang='lat' dir='ltr'><strong>1V.</strong></span> <span class='ocrx_word' id='word_1_252' title='bbox 717 4021 740 4066; x_wconf 88' lang='lat'><strong>9.</strong></span> <span class='ocrx_word' id='word_1_253' title='bbox 749 4022 788 4065; x_wconf 75' lang='lat'><strong>21.</strong></span> 
     </span>
     <span class='ocr_line' id='line_1_38' title="bbox 290 4089 788 4150; baseline 0.002 -14"><span class='ocrx_word' id='word_1_254' title='bbox 290 4089 412 4136; x_wconf 69' lang='lat' dir='ltr'><strong>obstabant</strong></span> <span class='ocrx_word' id='word_1_255' title='bbox 422 4089 497 4137; x_wconf 80' lang='lat' dir='ltr'><strong>surdo.</strong></span> <span class='ocrx_word' id='word_1_256' title='bbox 529 4090 647 4150; x_wconf 74' lang='lat' dir='ltr'><strong>Virgilius,</strong></span> <span class='ocrx_word' id='word_1_257' title='bbox 658 4091 707 4136; x_wconf 85' lang='lat' dir='ltr'><strong>Eoi.</strong></span> <span class='ocrx_word' id='word_1_258' title='bbox 718 4091 752 4137; x_wconf 86' lang='lat' dir='ltr'><strong>X.</strong></span> <span class='ocrx_word' id='word_1_259' title='bbox 765 4095 788 4138; x_wconf 85' lang='lat'><strong>8.</strong></span> 
     </span>
     <span class='ocr_line' id='line_1_39' title="bbox 291 4164 788 4214; baseline -0.004 -2"><span class='ocrx_word' id='word_1_260' title='bbox 291 4178 336 4212; x_wconf 81' lang='lat' dir='ltr'><strong>nou</strong></span> <span class='ocrx_word' id='word_1_261' title='bbox 352 4165 453 4209; x_wconf 77' lang='lat' dir='ltr'><strong>canimus</strong></span> <span class='ocrx_word' id='word_1_262' title='bbox 468 4165 548 4210; x_wconf 70' lang='lat' dir='ltr'><strong>sardis.</strong></span> <span class='ocrx_word' id='word_1_263' title='bbox 583 4164 665 4211; x_wconf 78' lang='lat' dir='ltr'><strong>Livius</strong></span> <span class='ocrx_word' id='word_1_264' title='bbox 681 4165 730 4211; x_wconf 84' lang='lat'>111.</span> <span class='ocrx_word' id='word_1_265' title='bbox 749 4168 788 4214; x_wconf 84' lang='lat'><strong>60.</strong></span> 
     </span>
     <span class='ocr_line' id='line_1_40' title="bbox 292 4233 674 4284; baseline 0.003 -3"><span class='ocrx_word' id='word_1_266' title='bbox 292 4233 354 4281; x_wconf 78' lang='lat' dir='ltr'><strong>haud</strong></span> <span class='ocrx_word' id='word_1_267' title='bbox 364 4237 438 4283; x_wconf 80' lang='lat' dir='ltr'><strong>surdis</strong></span> <span class='ocrx_word' id='word_1_268' title='bbox 446 4237 538 4282; x_wconf 78' lang='lat' dir='ltr'><strong>auribus</strong></span> <span class='ocrx_word' id='word_1_269' title='bbox 548 4237 617 4283; x_wconf 79' lang='lat' dir='ltr'><strong>diota.</strong></span> <span class='ocrx_word' id='word_1_270' title='bbox 633 4237 674 4284; x_wconf 89' lang='lat' dir='ltr'><strong>W.</strong></span> 
     </span>
    </p>

    <p class='ocr_par' dir='ltr' id='par_1_16' title="bbox 292 4305 791 4443">
     <span class='ocr_line' id='line_1_41' title="bbox 325 4305 791 4372; baseline 0.009 -20"><span class='ocrx_word' id='word_1_271' title='bbox 325 4309 355 4351; x_wconf 90' lang='lat'><strong>11</strong></span> <span class='ocrx_word' id='word_1_272' title='bbox 373 4305 412 4353; x_wconf 84' lang='lat' dir='ltr'><strong>Da</strong></span> <span class='ocrx_word' id='word_1_273' title='bbox 425 4306 481 4354; x_wconf 81' lang='lat' dir='ltr'><strong>mibi</strong></span> <span class='ocrx_word' id='word_1_274' title='bbox 490 4315 556 4369; x_wconf 77' lang='lat' dir='ltr'><strong>atque</strong></span> <span class='ocrx_word' id='word_1_275' title='bbox 565 4306 634 4372; x_wconf 81' lang='lat' dir='ltr'><strong>offer]</strong></span> <span class='ocrx_word' id='word_1_276' title='bbox 650 4309 728 4355; x_wconf 71' lang='lat' dir='ltr'><strong>Verba</strong></span> <span class='ocrx_word' id='word_1_277' title='bbox 738 4317 791 4356; x_wconf 86' lang='lat' dir='ltr'><strong>suut</strong></span> 
     </span>
     <span class='ocr_line' id='line_1_42' title="bbox 292 4377 790 4443; baseline 0.006 -19"><span class='ocrx_word' id='word_1_278' title='bbox 292 4377 381 4434; x_wconf 67' lang='lat' dir='ltr'><strong>amiota,</strong></span> <span class='ocrx_word' id='word_1_279' title='bbox 391 4396 442 4440; x_wconf 77' lang='lat' dir='ltr'><strong>quas</strong></span> <span class='ocrx_word' id='word_1_280' title='bbox 459 4379 533 4441; x_wconf 72' lang='lat' dir='ltr'><strong>magis</strong></span> <span class='ocrx_word' id='word_1_281' title='bbox 544 4381 698 4443; x_wconf 79' lang='lat' dir='ltr'><strong>Clitiphonem</strong></span> <span class='ocrx_word' id='word_1_282' title='bbox 709 4379 790 4428; x_wconf 89' lang='lat' dir='ltr'><strong>stimu-</strong></span> 
     </span>
    </p>
   </div>
   <div class='ocr_carea' id='block_1_7' title="bbox 291 4449 801 4512">
    <p class='ocr_par' dir='ltr' id='par_1_17' title="bbox 291 4449 801 4512">
     <span class='ocr_line' id='line_1_43' title="bbox 291 4449 801 4512; baseline 0.008 -15"><span class='ocrx_word' id='word_1_283' title='bbox 291 4449 348 4506; x_wconf 73' lang='lat' dir='ltr'><strong>lant,</strong></span> <span class='ocrx_word' id='word_1_284' title='bbox 359 4467 425 4511; x_wconf 81' lang='lat' dir='ltr'><strong>qum</strong></span> <span class='ocrx_word' id='word_1_285' title='bbox 437 4452 509 4512; x_wconf 75' lang='lat' dir='ltr'><strong>putris</strong></span> <span class='ocrx_word' id='word_1_286' title='bbox 521 4458 644 4512; x_wconf 80' lang='lat' dir='ltr'><strong>prssoepta.</strong></span> <span class='ocrx_word' id='word_1_287' title='bbox 665 4454 693 4500; x_wconf 88' lang='grc'>0.</span> <span class='ocrx_word' id='word_1_288' title='bbox 790 4455 801 4479; x_wconf 77' lang='grc'><strong>’</strong></span> 
     </span>
    </p>
   </div>
   <div class='ocr_carea' id='block_1_8' title="bbox 324 4522 789 4587">
    <p class='ocr_par' dir='ltr' id='par_1_18' title="bbox 324 4522 789 4587">
     <span class='ocr_line' id='line_1_44' title="bbox 324 4522 789 4587; baseline 0.002 -17"><span class='ocrx_word' id='word_1_289' title='bbox 324 4526 356 4570; x_wconf 80' lang='lat'><strong>12</strong></span> <span class='ocrx_word' id='word_1_290' title='bbox 375 4522 419 4571; x_wconf 72' lang='lat' dir='ltr'><strong>cai</strong></span> <span class='ocrx_word' id='word_1_291' title='bbox 429 4525 485 4587; x_wconf 71' lang='lat' dir='ltr'><strong>pstor}</strong></span> <span class='ocrx_word' id='word_1_292' title='bbox 500 4524 650 4587; x_wconf 79' lang='lat' dir='ltr'><strong>rsrpsrrdeum]</strong></span> <span class='ocrx_word' id='word_1_293' title='bbox 665 4525 789 4585; x_wconf 75' lang='lat' dir='ltr'><strong>Expressit</strong></span> 
     </span>
    </p>
   </div>
   <div class='ocr_carea' id='block_1_9' title="bbox 290 4594 788 4800">
    <p class='ocr_par' dir='ltr' id='par_1_19' title="bbox 290 4594 788 4800">
     <span class='ocr_line' id='line_1_45' title="bbox 290 4594 788 4658; baseline -0.014 -8"><span class='ocrx_word' id='word_1_294' title='bbox 290 4594 406 4655; x_wconf 67' lang='lat' dir='ltr'><strong>impium</strong></span> <span class='ocrx_word' id='word_1_295' title='bbox 428 4597 541 4658; x_wconf 76' lang='lat' dir='ltr'><strong>siquidem</strong></span> <span class='ocrx_word' id='word_1_296' title='bbox 564 4613 608 4644; x_wconf 85' lang='lat' dir='ltr'><strong>uon</strong></span> <span class='ocrx_word' id='word_1_297' title='bbox 629 4597 703 4644; x_wconf 84' lang='lat' dir='ltr'><strong>sulum</strong></span> <span class='ocrx_word' id='word_1_298' title='bbox 719 4597 788 4654; x_wconf 82' lang='lat' dir='ltr'><strong>dixit,</strong></span> 
     </span>
     <span class='ocr_line' id='line_1_46' title="bbox 291 4666 788 4729; baseline -0.012 -6"><span class='ocrx_word' id='word_1_299' title='bbox 291 4667 331 4723; x_wconf 68' lang='lat' dir='ltr'><strong>tui</strong></span> <span class='ocrx_word' id='word_1_300' title='bbox 342 4666 436 4726; x_wconf 72' lang='lat' dir='ltr'><strong>quiden</strong></span> <span class='ocrx_word' id='word_1_301' title='bbox 445 4670 503 4718; x_wconf 86' lang='lat' dir='ltr'><strong>nibil</strong></span> <span class='ocrx_word' id='word_1_302' title='bbox 517 4670 599 4729; x_wconf 79' lang='lat' dir='ltr'><strong>hsbso,</strong></span> <span class='ocrx_word' id='word_1_303' title='bbox 609 4685 690 4719; x_wconf 79' lang='lat' dir='ltr'><strong>rorum</strong></span> <span class='ocrx_word' id='word_1_304' title='bbox 705 4670 736 4719; x_wconf 80' lang='lat' dir='ltr'><strong>sd</strong></span> <span class='ocrx_word' id='word_1_305' title='bbox 752 4685 788 4717; x_wconf 85' lang='lat' dir='ltr'><strong>rs·</strong></span> 
     </span>
     <span class='ocr_line' id='line_1_47' title="bbox 325 4758 421 4800; baseline 0 -5"><span class='ocrx_word' id='word_1_306' title='bbox 325 4758 385 4800; x_wconf 72' lang='lat' dir='ltr'><strong>vor..</strong></span> <span class='ocrx_word' id='word_1_307' title='bbox 401 4760 421 4795; x_wconf 82' lang='grc' dir='ltr'>ι.</span> 
     </span>
    </p>
   </div>
   <div class='ocr_carea' id='block_1_10' title="bbox 835 3008 1336 4736">
    <p class='ocr_par' dir='ltr' id='par_1_20' title="bbox 835 3008 1333 3074">
     <span class='ocr_line' id='line_1_48' title="bbox 835 3008 1333 3074; baseline -0.012 -16"><span class='ocrx_word' id='word_1_308' title='bbox 835 3027 881 3074; x_wconf 84' lang='lat' dir='ltr'><strong>qus</strong></span> <span class='ocrx_word' id='word_1_309' title='bbox 891 3013 921 3058; x_wconf 83' lang='lat' dir='ltr'><strong>ds</strong></span> <span class='ocrx_word' id='word_1_310' title='bbox 929 3009 977 3056; x_wconf 85' lang='lat' dir='ltr'><strong>suis</strong></span> <span class='ocrx_word' id='word_1_311' title='bbox 985 3009 1053 3054; x_wconf 83' lang='lat' dir='ltr'><strong>robus</strong></span> <span class='ocrx_word' id='word_1_312' title='bbox 1064 3008 1187 3068; x_wconf 85' lang='lat' dir='ltr'><strong>plurimum</strong></span> <span class='ocrx_word' id='word_1_313' title='bbox 1196 3008 1291 3068; x_wconf 80' lang='lat' dir='ltr'><strong>oogitst.</strong></span> <span class='ocrx_word' id='word_1_314' title='bbox 1304 3009 1333 3052; x_wconf 85' lang='lat' dir='ltr'><strong>E.</strong></span> 
     </span>
    </p>

    <p class='ocr_par' dir='ltr' id='par_1_21' title="bbox 836 3079 1335 3864">
     <span class='ocr_line' id='line_1_49' title="bbox 870 3079 1333 3143; baseline -0.006 -16"><span class='ocrx_word' id='word_1_315' title='bbox 870 3083 916 3128; x_wconf 91' lang='lat' dir='ltr'><strong>Pro</strong></span> <span class='ocrx_word' id='word_1_316' title='bbox 924 3081 1005 3143; x_wconf 82' lang='lat' dir='ltr'><strong>satagit</strong></span> <span class='ocrx_word' id='word_1_317' title='bbox 1015 3087 1111 3126; x_wconf 80' lang='lat' dir='ltr'><strong>attamen</strong></span> <span class='ocrx_word' id='word_1_318' title='bbox 1123 3079 1177 3125; x_wconf 90' lang='lat' dir='ltr'><strong>olim</strong></span> <span class='ocrx_word' id='word_1_319' title='bbox 1187 3079 1271 3125; x_wconf 82' lang='lat' dir='ltr'><strong>lsotum</strong></span> <span class='ocrx_word' id='word_1_320' title='bbox 1281 3093 1333 3125; x_wconf 76' lang='lat' dir='ltr'><strong>osso</strong></span> 
     </span>
     <span class='ocr_line' id='line_1_50' title="bbox 836 3151 1333 3216; baseline -0.008 -16"><span class='ocrx_word' id='word_1_321' title='bbox 836 3151 1333 3216; x_wconf 80' lang='lat' dir='ltr'><strong>satagituttumes,pototstsrisiop.193,</strong></span> 
     </span>
     <span class='ocr_line' id='line_1_51' title="bbox 836 3223 1334 3284; baseline -0.004 -14"><span class='ocrx_word' id='word_1_322' title='bbox 836 3227 895 3280; x_wconf 82' lang='lat' dir='ltr'><strong>satis,</strong></span> <span class='ocrx_word' id='word_1_323' title='bbox 918 3224 1000 3284; x_wconf 90' lang='lat' dir='ltr'><strong>iuquit,</strong></span> <span class='ocrx_word' id='word_1_324' title='bbox 1020 3239 1060 3283; x_wconf 87' lang='lat' dir='ltr'><strong>pro</strong></span> <span class='ocrx_word' id='word_1_325' title='bbox 1080 3225 1179 3278; x_wconf 75' lang='lat' dir='ltr'><strong>buente,-</strong></span> <span class='ocrx_word' id='word_1_326' title='bbox 1211 3223 1266 3269; x_wconf 86' lang='lat' dir='ltr'><strong>Coto</strong></span> <span class='ocrx_word' id='word_1_327' title='bbox 1288 3223 1334 3269; x_wconf 77' lang='lat' dir='ltr'><strong>dte-</strong></span> 
     </span>
     <span class='ocr_line' id='line_1_52' title="bbox 837 3293 1334 3354; baseline -0.002 -13"><span class='ocrx_word' id='word_1_328' title='bbox 837 3311 888 3342; x_wconf 85' lang='lat' dir='ltr'><strong>rum</strong></span> <span class='ocrx_word' id='word_1_329' title='bbox 906 3296 1017 3341; x_wconf 80' lang='lat' dir='ltr'><strong>dicturum</strong></span> <span class='ocrx_word' id='word_1_330' title='bbox 1033 3294 1061 3339; x_wconf 79' lang='lat' dir='ltr'><strong>rie</strong></span> <span class='ocrx_word' id='word_1_331' title='bbox 1081 3293 1198 3340; x_wconf 76' lang='lat' dir='ltr'><strong>sortsuiatu</strong></span> <span class='ocrx_word' id='word_1_332' title='bbox 1213 3309 1265 3340; x_wconf 79' lang='lat' dir='ltr'><strong>suo:</strong></span> <span class='ocrx_word' id='word_1_333' title='bbox 1281 3296 1334 3354; x_wconf 79' lang='lat' dir='ltr'><strong>jam</strong></span> 
     </span>
     <span class='ocr_line' id='line_1_53' title="bbox 837 3364 1334 3428; baseline -0.008 -14"><span class='ocrx_word' id='word_1_334' title='bbox 837 3368 897 3428; x_wconf 81' lang='lat' dir='ltr'><strong>opud</strong></span> <span class='ocrx_word' id='word_1_335' title='bbox 909 3367 993 3414; x_wconf 70' lang='lat' dir='ltr'><strong>batuam</strong></span> <span class='ocrx_word' id='word_1_336' title='bbox 1006 3367 1076 3412; x_wconf 80' lang='lat' dir='ltr'><strong>rtostri</strong></span> <span class='ocrx_word' id='word_1_337' title='bbox 1090 3368 1143 3412; x_wconf 82' lang='lat' dir='ltr'><strong>ratis</strong></span> <span class='ocrx_word' id='word_1_338' title='bbox 1158 3366 1259 3428; x_wconf 77' lang='lat' dir='ltr'><strong>agebant.</strong></span> <span class='ocrx_word' id='word_1_339' title='bbox 1294 3364 1334 3411; x_wconf 85' lang='lat' dir='ltr'><strong>Ts-</strong></span> 
     </span>
     <span class='ocr_line' id='line_1_54' title="bbox 836 3435 1334 3496; baseline -0.008 -10"><span class='ocrx_word' id='word_1_340' title='bbox 836 3441 920 3486; x_wconf 80' lang='lat' dir='ltr'><strong>rsntius</strong></span> <span class='ocrx_word' id='word_1_341' title='bbox 934 3441 959 3496; x_wconf 66' lang='lat' dir='ltr'><strong>irs</strong></span> <span class='ocrx_word' id='word_1_342' title='bbox 976 3435 1059 3485; x_wconf 80' lang='lat' dir='ltr'><strong>Heaut.</strong></span> <span class='ocrx_word' id='word_1_343' title='bbox 1092 3437 1140 3485; x_wconf 81' lang='lat' dir='ltr'><strong>Etsi</strong></span> <span class='ocrx_word' id='word_1_344' title='bbox 1150 3453 1243 3484; x_wconf 78' lang='lat' dir='ltr'><strong>suarum</strong></span> <span class='ocrx_word' id='word_1_345' title='bbox 1259 3453 1334 3484; x_wconf 84' lang='lat' dir='ltr'><strong>rerum</strong></span> 
     </span>
     <span class='ocr_line' id='line_1_55' title="bbox 836 3509 1334 3574; baseline -0.002 -17"><span class='ocrx_word' id='word_1_346' title='bbox 836 3512 889 3557; x_wconf 85' lang='lat' dir='ltr'><strong>sutis</strong></span> <span class='ocrx_word' id='word_1_347' title='bbox 898 3511 978 3574; x_wconf 80' lang='lat' dir='ltr'><strong>agitat,</strong></span> <span class='ocrx_word' id='word_1_348' title='bbox 989 3517 1062 3556; x_wconf 74' lang='lat' dir='ltr'><strong>tarum</strong></span> <span class='ocrx_word' id='word_1_349' title='bbox 1078 3509 1141 3558; x_wconf 78' lang='lat' dir='ltr'><strong>babet</strong></span> <span class='ocrx_word' id='word_1_350' title='bbox 1152 3511 1203 3556; x_wconf 78' lang='lat' dir='ltr'><strong>berre</strong></span> <span class='ocrx_word' id='word_1_351' title='bbox 1218 3518 1239 3556; x_wconf 88' lang='lat' dir='ltr'><strong>st</strong></span> <span class='ocrx_word' id='word_1_352' title='bbox 1253 3509 1334 3569; x_wconf 79' lang='lat' dir='ltr'><strong>pudico</strong></span> 
     </span>
     <span class='ocr_line' id='line_1_56' title="bbox 836 3583 1334 3638; baseline -0.004 -7"><span class='ocrx_word' id='word_1_353' title='bbox 836 3585 946 3631; x_wconf 77' lang='lat' dir='ltr'><strong>eductum.</strong></span> <span class='ocrx_word' id='word_1_354' title='bbox 964 3583 1113 3638; x_wconf 77' lang='lat' dir='ltr'><strong>Rsotissime.</strong></span> <span class='ocrx_word' id='word_1_355' title='bbox 1140 3585 1198 3631; x_wconf 86' lang='lat' dir='ltr'><strong>Nom</strong></span> <span class='ocrx_word' id='word_1_356' title='bbox 1213 3583 1247 3630; x_wconf 84' lang='lat' dir='ltr'><strong>sio</strong></span> <span class='ocrx_word' id='word_1_357' title='bbox 1257 3585 1334 3630; x_wconf 83' lang='lat' dir='ltr'><strong>Plaut.</strong></span> 
     </span>
     <span class='ocr_line' id='line_1_57' title="bbox 837 3657 1335 3720; baseline -0.004 -16"><span class='ocrx_word' id='word_1_358' title='bbox 837 3658 923 3704; x_wconf 82' lang='lat' dir='ltr'><strong>Bacch.</strong></span> <span class='ocrx_word' id='word_1_359' title='bbox 934 3657 977 3704; x_wconf 93' lang='lat' dir='ltr'><strong>lv.</strong></span> <span class='ocrx_word' id='word_1_360' title='bbox 990 3657 1013 3704; x_wconf 80' lang='lat'><strong>3.</strong></span> <span class='ocrx_word' id='word_1_361' title='bbox 1025 3660 1065 3706; x_wconf 70' lang='lat'><strong>2³.</strong></span> <span class='ocrx_word' id='word_1_362' title='bbox 1076 3673 1137 3704; x_wconf 78' lang='lat' dir='ltr'><strong>uuus</strong></span> <span class='ocrx_word' id='word_1_363' title='bbox 1151 3657 1224 3720; x_wconf 78' lang='lat' dir='ltr'><strong>agitas</strong></span> <span class='ocrx_word' id='word_1_364' title='bbox 1237 3664 1271 3704; x_wconf 85' lang='lat' dir='ltr'><strong>sut</strong></span> <span class='ocrx_word' id='word_1_365' title='bbox 1288 3663 1335 3702; x_wconf 80' lang='lat' dir='ltr'><strong>tute</strong></span> 
     </span>
     <span class='ocr_line' id='line_1_58' title="bbox 837 3729 1335 3792; baseline -0.002 -15"><span class='ocrx_word' id='word_1_366' title='bbox 837 3737 928 3777; x_wconf 80' lang='lat' dir='ltr'><strong>tuarum</strong></span> <span class='ocrx_word' id='word_1_367' title='bbox 941 3745 1025 3777; x_wconf 84' lang='lat' dir='ltr'><strong>rerum.</strong></span> <span class='ocrx_word' id='word_1_368' title='bbox 1057 3730 1148 3776; x_wconf 81' lang='lat' dir='ltr'><strong>Doiudo</strong></span> <span class='ocrx_word' id='word_1_369' title='bbox 1164 3737 1218 3792; x_wconf 89' lang='lat' dir='ltr'><strong>post</strong></span> <span class='ocrx_word' id='word_1_370' title='bbox 1230 3729 1270 3776; x_wconf 81' lang='lat' dir='ltr'><strong>etsi</strong></span> <span class='ocrx_word' id='word_1_371' title='bbox 1279 3745 1335 3776; x_wconf 85' lang='lat' dir='ltr'><strong>uuu-</strong></span> 
     </span>
     <span class='ocr_line' id='line_1_59' title="bbox 838 3803 1333 3864; baseline -0.004 -14"><span class='ocrx_word' id='word_1_372' title='bbox 838 3819 905 3864; x_wconf 80' lang='lat' dir='ltr'><strong>qusm</strong></span> <span class='ocrx_word' id='word_1_373' title='bbox 917 3803 1020 3863; x_wconf 80' lang='lat' dir='ltr'><strong>sequitur</strong></span> <span class='ocrx_word' id='word_1_374' title='bbox 1031 3811 1137 3858; x_wconf 71' lang='lat' dir='ltr'><strong>onumen,</strong></span> <span class='ocrx_word' id='word_1_375' title='bbox 1149 3804 1190 3849; x_wconf 82' lang='lat' dir='ltr'><strong>sed</strong></span> <span class='ocrx_word' id='word_1_376' title='bbox 1205 3811 1285 3850; x_wconf 79' lang='lat' dir='ltr'><strong>tamen.</strong></span> <span class='ocrx_word' id='word_1_377' title='bbox 1303 3803 1333 3848; x_wconf 88' lang='lat' dir='ltr'><strong>B.</strong></span> 
     </span>
    </p>

    <p class='ocr_par' dir='ltr' id='par_1_22' title="bbox 838 3873 1336 4007">
     <span class='ocr_line' id='line_1_60' title="bbox 865 3873 1336 3936; baseline -0.002 -15"><span class='ocrx_word' id='word_1_378' title='bbox 865 3879 898 3922; x_wconf 83' lang='lat'><strong>14</strong></span> <span class='ocrx_word' id='word_1_379' title='bbox 906 3875 990 3922; x_wconf 78' lang='lat' dir='ltr'><strong>Pudice</strong></span> <span class='ocrx_word' id='word_1_380' title='bbox 995 3873 1108 3936; x_wconf 79' lang='lat' dir='ltr'><strong>eductam]</strong></span> <span class='ocrx_word' id='word_1_381' title='bbox 1117 3876 1185 3934; x_wconf 87' lang='lat' dir='ltr'><strong>Quod</strong></span> <span class='ocrx_word' id='word_1_382' title='bbox 1193 3891 1235 3920; x_wconf 85' lang='lat' dir='ltr'><strong>nos</strong></span> <span class='ocrx_word' id='word_1_383' title='bbox 1242 3876 1336 3922; x_wconf 80' lang='lat' dir='ltr'><strong>sduours</strong></span> 
     </span>
     <span class='ocr_line' id='line_1_61' title="bbox 838 3947 1319 4007; baseline 0.002 -14"><span class='ocrx_word' id='word_1_384' title='bbox 838 3947 944 4002; x_wconf 79' lang='lat' dir='ltr'><strong>dicimus,</strong></span> <span class='ocrx_word' id='word_1_385' title='bbox 956 3947 1043 4007; x_wconf 84' lang='lat' dir='ltr'><strong>antiqui</strong></span> <span class='ocrx_word' id='word_1_386' title='bbox 1053 3947 1143 3994; x_wconf 79' lang='lat' dir='ltr'><strong>sduoers</strong></span> <span class='ocrx_word' id='word_1_387' title='bbox 1157 3947 1273 3994; x_wconf 83' lang='lat' dir='ltr'><strong>dixerunt.</strong></span> <span class='ocrx_word' id='word_1_388' title='bbox 1290 3949 1319 3994; x_wconf 85' lang='lat' dir='ltr'><strong>C.</strong></span> 
     </span>
    </p>

    <p class='ocr_par' dir='ltr' id='par_1_23' title="bbox 837 4019 1335 4369">
     <span class='ocr_line' id='line_1_62' title="bbox 871 4019 1334 4080; baseline 0.004 -16"><span class='ocrx_word' id='word_1_389' title='bbox 871 4019 918 4065; x_wconf 84' lang='lat' dir='ltr'><strong>Vix</strong></span> <span class='ocrx_word' id='word_1_390' title='bbox 930 4019 988 4066; x_wconf 78' lang='lat' dir='ltr'><strong>serre</strong></span> <span class='ocrx_word' id='word_1_391' title='bbox 1000 4034 1095 4080; x_wconf 82' lang='lat' dir='ltr'><strong>possum</strong></span> <span class='ocrx_word' id='word_1_392' title='bbox 1109 4021 1164 4066; x_wconf 84' lang='lat' dir='ltr'><strong>ortis</strong></span> <span class='ocrx_word' id='word_1_393' title='bbox 1180 4020 1334 4080; x_wconf 79' lang='lat' dir='ltr'><strong>posteriorem</strong></span> 
     </span>
     <span class='ocr_line' id='line_1_63' title="bbox 838 4090 1334 4154; baseline 0.006 -16"><span class='ocrx_word' id='word_1_394' title='bbox 838 4091 974 4146; x_wconf 83' lang='lat' dir='ltr'><strong>biosouers,</strong></span> <span class='ocrx_word' id='word_1_395' title='bbox 986 4107 1037 4139; x_wconf 87' lang='lat' dir='ltr'><strong>oum</strong></span> <span class='ocrx_word' id='word_1_396' title='bbox 1048 4091 1113 4153; x_wconf 89' lang='lat' dir='ltr'><strong>prior</strong></span> <span class='ocrx_word' id='word_1_397' title='bbox 1119 4090 1150 4138; x_wconf 83' lang='lat' dir='ltr'><strong>sit</strong></span> <span class='ocrx_word' id='word_1_398' title='bbox 1157 4091 1232 4154; x_wconf 68' lang='lat' dir='ltr'><strong>longo.</strong></span> <span class='ocrx_word' id='word_1_399' title='bbox 1257 4094 1334 4151; x_wconf 80' lang='lat' dir='ltr'><strong>Qusrs</strong></span> 
     </span>
     <span class='ocr_line' id='line_1_64' title="bbox 837 4165 1335 4213; baseline -0.002 -1"><span class='ocrx_word' id='word_1_400' title='bbox 837 4165 934 4212; x_wconf 80' lang='lat' dir='ltr'><strong>inducor</strong></span> <span class='ocrx_word' id='word_1_401' title='bbox 943 4172 969 4212; x_wconf 90' lang='lat' dir='ltr'><strong>ut</strong></span> <span class='ocrx_word' id='word_1_402' title='bbox 985 4169 1075 4211; x_wconf 78' lang='lat' dir='ltr'><strong>credam</strong></span> <span class='ocrx_word' id='word_1_403' title='bbox 1088 4165 1117 4210; x_wconf 87' lang='lat' dir='ltr'><strong>sb</strong></span> <span class='ocrx_word' id='word_1_404' title='bbox 1130 4173 1223 4213; x_wconf 82' lang='lat' dir='ltr'><strong>auotors</strong></span> <span class='ocrx_word' id='word_1_405' title='bbox 1235 4181 1285 4212; x_wconf 81' lang='lat' dir='ltr'><strong>esso</strong></span> <span class='ocrx_word' id='word_1_406' title='bbox 1302 4166 1335 4211; x_wconf 83' lang='lat' dir='ltr'><strong>rsi</strong></span> 
     </span>
     <span class='ocr_line' id='line_1_65' title="bbox 838 4235 1335 4292; baseline -0.004 -8"><span class='ocrx_word' id='word_1_407' title='bbox 838 4238 970 4292; x_wconf 74' lang='lat' dir='ltr'><strong>meretricis,</strong></span> <span class='ocrx_word' id='word_1_408' title='bbox 981 4237 1039 4284; x_wconf 76' lang='lat' dir='ltr'><strong>odeo</strong></span> <span class='ocrx_word' id='word_1_409' title='bbox 1051 4243 1075 4284; x_wconf 91' lang='lat' dir='ltr'><strong>ut</strong></span> <span class='ocrx_word' id='word_1_410' title='bbox 1089 4251 1123 4283; x_wconf 80' lang='lat' dir='ltr'><strong>res</strong></span> <span class='ocrx_word' id='word_1_411' title='bbox 1137 4253 1215 4284; x_wconf 84' lang='lat' dir='ltr'><strong>omnes</strong></span> <span class='ocrx_word' id='word_1_412' title='bbox 1231 4235 1335 4284; x_wconf 80' lang='lat' dir='ltr'><strong>meretri-</strong></span> 
     </span>
     <span class='ocr_line' id='line_1_66' title="bbox 839 4311 1206 4369; baseline 0.003 -14"><span class='ocrx_word' id='word_1_413' title='bbox 839 4324 891 4355; x_wconf 88' lang='lat' dir='ltr'><strong>oum</strong></span> <span class='ocrx_word' id='word_1_414' title='bbox 902 4311 1081 4369; x_wconf 84' lang='lat' dir='ltr'><strong>oomprebendst</strong></span> <span class='ocrx_word' id='word_1_415' title='bbox 1091 4316 1160 4356; x_wconf 75' lang='lat' dir='ltr'><strong>artes.</strong></span> <span class='ocrx_word' id='word_1_416' title='bbox 1178 4311 1206 4356; x_wconf 91' lang='lat' dir='ltr'><strong>B.</strong></span> 
     </span>
    </p>

    <p class='ocr_par' dir='ltr' id='par_1_24' title="bbox 837 4380 1336 4736">
     <span class='ocr_line' id='line_1_67' title="bbox 871 4380 1334 4446; baseline 0 -19"><span class='ocrx_word' id='word_1_417' title='bbox 871 4383 902 4429; x_wconf 83' lang='lat'><strong>15</strong></span> <span class='ocrx_word' id='word_1_418' title='bbox 917 4381 1012 4446; x_wconf 77' lang='lat' dir='ltr'><strong>Procas]</strong></span> <span class='ocrx_word' id='word_1_419' title='bbox 1020 4384 1112 4430; x_wconf 83' lang='lat' dir='ltr'><strong>lustaus</strong></span> <span class='ocrx_word' id='word_1_420' title='bbox 1121 4382 1143 4428; x_wconf 88' lang='lat' dir='ltr'><strong>in</strong></span> <span class='ocrx_word' id='word_1_421' title='bbox 1150 4382 1258 4445; x_wconf 77' lang='lat' dir='ltr'><strong>petendo.</strong></span> <span class='ocrx_word' id='word_1_422' title='bbox 1268 4380 1334 4442; x_wconf 76' lang='lat' dir='ltr'><strong>Virg.</strong></span> 
     </span>
     <span class='ocr_line' id='line_1_68' title="bbox 839 4453 1336 4516; baseline -0.004 -14"><span class='ocrx_word' id='word_1_423' title='bbox 839 4453 893 4502; x_wconf 79' lang='lat' dir='ltr'><strong>AEu.</strong></span> <span class='ocrx_word' id='word_1_424' title='bbox 902 4456 920 4500; x_wconf 94' lang='lat' dir='ltr'><strong>l.</strong></span> <span class='ocrx_word' id='word_1_425' title='bbox 932 4457 989 4502; x_wconf 79' lang='lat'>5³6.</span> <span class='ocrx_word' id='word_1_426' title='bbox 997 4456 1124 4516; x_wconf 75' lang='lat' dir='ltr'><strong>procacibus</strong></span> <span class='ocrx_word' id='word_1_427' title='bbox 1134 4455 1223 4510; x_wconf 80' lang='lat' dir='ltr'><strong>austris,</strong></span> <span class='ocrx_word' id='word_1_428' title='bbox 1234 4453 1250 4499; x_wconf 89' lang='grc' dir='ltr'>ἰ.</span> <span class='ocrx_word' id='word_1_429' title='bbox 1262 4471 1282 4500; x_wconf 89' lang='lat' dir='ltr'><strong>o.</strong></span> <span class='ocrx_word' id='word_1_430' title='bbox 1293 4453 1326 4500; x_wconf 86' lang='lat' dir='ltr'><strong>im</strong></span> <span class='ocrx_word' id='word_1_431' title='bbox 1335 4479 1336 4482; x_wconf 60' lang='lat'><em>=</em></span> 
     </span>
     <span class='ocr_line' id='line_1_69' title="bbox 838 4525 1336 4588; baseline -0.002 -16"><span class='ocrx_word' id='word_1_432' title='bbox 838 4527 916 4588; x_wconf 86' lang='lat' dir='ltr'><strong>probis</strong></span> <span class='ocrx_word' id='word_1_433' title='bbox 925 4533 948 4572; x_wconf 91' lang='lat' dir='ltr'><strong>et</strong></span> <span class='ocrx_word' id='word_1_434' title='bbox 959 4529 1088 4587; x_wconf 85' lang='lat' dir='ltr'><strong>importune</strong></span> <span class='ocrx_word' id='word_1_435' title='bbox 1100 4525 1214 4572; x_wconf 83' lang='lat' dir='ltr'><strong>tisutibus.</strong></span> <span class='ocrx_word' id='word_1_436' title='bbox 1233 4525 1336 4582; x_wconf 82' lang='lat' dir='ltr'><strong>Prosors,</strong></span> 
     </span>
     <span class='ocr_line' id='line_1_70' title="bbox 839 4598 1335 4660; baseline 0.002 -16"><span class='ocrx_word' id='word_1_437' title='bbox 839 4605 864 4645; x_wconf 89' lang='lat' dir='ltr'><strong>ut</strong></span> <span class='ocrx_word' id='word_1_438' title='bbox 871 4598 996 4658; x_wconf 84' lang='lat' dir='ltr'><strong>Pompeius</strong></span> <span class='ocrx_word' id='word_1_439' title='bbox 1005 4598 1088 4660; x_wconf 87' lang='lat' dir='ltr'><strong>iuquit,</strong></span> <span class='ocrx_word' id='word_1_440' title='bbox 1097 4613 1192 4658; x_wconf 84' lang='lat' dir='ltr'><strong>posoers</strong></span> <span class='ocrx_word' id='word_1_441' title='bbox 1200 4604 1243 4644; x_wconf 85' lang='lat' dir='ltr'><strong>sst.</strong></span> <span class='ocrx_word' id='word_1_442' title='bbox 1267 4598 1335 4645; x_wconf 79' lang='lat' dir='ltr'>Unde</span> 
     </span>
     <span class='ocr_line' id='line_1_71' title="bbox 837 4669 1335 4736; baseline -0.01 -17"><span class='ocrx_word' id='word_1_443' title='bbox 837 4685 936 4736; x_wconf 70' lang='lat' dir='ltr'><strong>prospers</strong></span> <span class='ocrx_word' id='word_1_444' title='bbox 945 4672 1074 4729; x_wconf 77' lang='lat' dir='ltr'><strong>orsrttrisss,</strong></span> <span class='ocrx_word' id='word_1_445' title='bbox 1085 4673 1114 4718; x_wconf 85' lang='lat' dir='ltr'><strong>sb</strong></span> <span class='ocrx_word' id='word_1_446' title='bbox 1130 4669 1222 4718; x_wconf 73' lang='lat' dir='ltr'><strong>assiduo</strong></span> <span class='ocrx_word' id='word_1_447' title='bbox 1239 4685 1335 4730; x_wconf 60' lang='lat' dir='ltr'><strong>poscens</strong></span> 
     </span>
    </p>
   </div>
   <div class='ocr_carea' id='block_1_11' title="bbox 794 4751 842 4800">
    <p class='ocr_par' dir='ltr' id='par_1_25' title="bbox 794 4751 842 4800">
     <span class='ocr_line' id='line_1_72' title="bbox 794 4751 842 4800; baseline 0 0"><span class='ocrx_word' id='word_1_448' title='bbox 794 4751 842 4800; x_wconf 76' lang='lat' dir='ltr'><strong>ts</strong></span> 
     </span>
    </p>
   </div>
   <div class='ocr_carea' id='block_1_12' title="bbox 0 0 1631 5559">
    <p class='ocr_par' dir='ltr' id='par_1_26' title="bbox 0 0 1631 5559">
     <span class='ocr_line' id='line_1_73' title="bbox 0 0 1631 5559; baseline 0 0"><span class='ocrx_word' id='word_1_449' title='bbox 0 0 1631 5559; x_wconf 95' lang='lat' dir='ltr'><strong> </strong></span> 
     </span>
    </p>
   </div>
  </div>
 </body>
</html>
