3242 5559
343 552 410 621 636
647 576 653 588 ·
676 550 1061 617 HEAUTONTIM.

349 741 553 809 Menedemo
568 740 657 808 dixit
670 740 803 820 Clinia3
828 744 862 804 et
876 740 1038 822 aagratie
1113 772 1119 779 ·
1354 742 1399 798 20

349 856 473 921 Secum
489 853 687 933 adduxisse,
709 874 752 919 ne
768 857 805 917 tu
818 852 854 915 id
869 850 1145 935 persentisceres.

348 966 388 1033 G.
412 967 537 1033 Probe.
588 966 624 1032 S.
648 964 716 1032 Dic
741 964 857 1029 sodes.
914 960 955 1028 G.
978 959 1144 1037 Nimium,
1166 958 1315 1043 inquam.
1360 958 1397 1023 S.

478 1076 588 1143 Immo
605 1077 635 1143 si
651 1077 756 1142 scias.

258 1272 261 1283 Ι
349 1185 418 1251 Sed
432 1205 533 1271 porro
550 1187 716 1267 ausculta,
739 1184 831 1271 quod
847 1188 1003 1269 superest
1014 1181 1174 1248 fallaciae.

350 1298 435 1364 Sese
449 1301 524 1384 ipse
540 1301 631 1366 dicet
645 1306 738 1367 tuam
752 1300 881 1380 vidisse
896 1296 1021 1361 filiam:
1358 1294 1402 1351 tt

350 1408 436 1493 Ejus
452 1409 518 1475 sibi
533 1412 772 1498 complacitam
787 1410 940 1485 formam,
959 1408 1143 1489 postquem
1158 1398 1348 1485 aspexerit:

352 1518 454 1584 Hanc
475 1539 600 1606 cupere
613 1516 772 1588 uxorem.
816 1518 856 1584 C.
880 1515 1033 1583 Modone
1060 1533 1139 1599 quae
1164 1514 1304 1577 inventa
1324 1512 1404 1575 estt

482 1631 519 1697 S.
542 1630 639 1699 Eam.

352 1738 398 1804 Et
412 1740 550 1823 quidem
559 1741 695 1826 jubebit
708 1745 819 1828 posci.
862 1742 903 1808 G.
927 1740 1157 1821 Quamobrem
1170 1739 1271 1815 istuc,
1292 1736 1402 1819 Syret

352 1849 390 1913 N
390 1870 445 1915 am
459 1872 613 1935 prorsum
627 1854 710 1919 nihil
725 1854 889 1937 intelligo.
933 1851 971 1917 S.
994 1849 1079 1928 Hui,
1100 1848 1217 1913 tardus
1231 1867 1282 1912 es.

352 1960 392 2025 C.
417 1960 588 2029 Fortasse.
633 1960 669 2028 S.
691 1962 877 2049 Argentum
892 1964 1027 2038 dabitur
1040 1961 1073 2026 ei
1087 1961 1132 2025 ad
1145 1958 1294 2043 nuptias,
1358 1966 1402 2031 29

350 2069 493 2151 Aurum,
515 2078 617 2157 atque
630 2078 771 2153 vestem,
794 2077 865 2160 qui,
886 2074 1050 2141 tenesnet
1095 2068 1136 2135 C.
1160 2068 1367 2153 Comparett

354 2180 390 2243 S.
413 2180 455 2245 Id
471 2180 595 2266 ipsum.
619 2183 659 2250 G.
674 2182 723 2251 At
737 2206 801 2269 ego
815 2186 866 2252 illi
875 2204 985 2269 neque
997 2184 1054 2261 do,
1068 2200 1178 2265 neque
1193 2178 1404 2264 despondeo.

355 2378 388 2425 eit
401 2396 510 2429 errorem.
528 2383 616 2447 quippe
633 2400 685 2431 cum
703 2382 762 2431 dicit
779 2384 856 2431 otuu
938 2378 1242 2448 thmdemjeedtrpoec]
1262 2378 1405 2426 Etroietut

354 2453 425 2512 patri,
445 2453 576 2516 Clitiphonis
585 2458 679 2503 amicum
689 2470 730 2503 etse
740 2454 812 2503 hanc:
830 2462 857 2503 ut
904 2455 974 2504 tilimn
986 2463 1048 2502 tuem
1063 2460 1129 2515 puter
1144 2468 1200 2499 enus
1214 2452 1325 2514 postulet.
1337 2466 1407 2515 quem

354 2526 471 2574 hoedum
489 2528 577 2576 indicet
598 2544 688 2585 mnus,
707 2528 856 2576 nihilominus
904 2543 952 2574 reru
970 2543 1022 2574 curn
1032 2539 1078 2573 non
1088 2524 1253 2582 intellexisset,
1270 2541 1322 2571 eum
1334 2526 1406 2572 eimu-

356 2596 463 2646 dcminue
479 2599 522 2646 tilii
541 2600 577 2647 eui
597 2600 694 2648 emicem
712 2600 857 2649 meretricem
904 2600 1085 2654 intenderetur,
1093 2598 1213 2659 respondit
1223 2597 1312 2653 ilie,uti
1322 2614 1405 2659 ergen-

355 2684 408 2715 esec
420 2685 464 2717 non
474 2672 561 2719 credet.
578 2674 608 2720 n.
904 2680 954 2719 turn
962 2673 1009 2719 ttio
1020 2672 1069 2720 deri
1076 2671 1153 2733 poerit
1160 2671 1190 2718 ed
1199 2667 1406 2734 nuptim‘neeem-

389 2744 419 2788 91
438 2741 541 2791 Deeetee
548 2760 558 2803 ‚·
575 2746 704 2807 cumprine
715 2760 760 2796 non
770 2762 800 2805 ee,
815 2748 857 2798 sed
904 2745 974 2792 rium
991 2748 1020 2793 B.

355 2813 496 2861 Bacchidem
512 2816 605 2865 dixerit
628 2819 693 2879 Lege
707 2832 729 2866 ee
744 2834 792 2866 mm
808 2827 857 2867 trc-
911 2830 916 2839 ’
937 2820 970 2867 28
987 2818 1081 2865 Prorem
1099 2815 1159 2863 citit
1178 2814 1291 2879 intelligo]
1312 2815 1407 2863 prm

357 2887 452 2935 domiue.
464 2894 488 2934 et
496 2888 539 2937 IV.
549 2892 573 2938 3.
584 2893 624 2937 44.
636 2896 660 2937 et
671 2890 715 2938 IV.
727 2896 751 2939 4.
762 2894 801 2941 22.
820 2892 850 2939 B.
905 2907 949 2953 pro
959 2906 988 2937 ec
999 2891 1060 2952 qnod
1070 2896 1106 2937 eet
1118 2889 1213 2935 omnine.
1230 2887 1289 2935 Sunt
1299 2888 1339 2950 qui
1350 2904 1406 2935 con-

359 2976 362 2985 ·
389 2962 422 3008 22
438 2956 508 3007 Immo
520 2962 551 3008 sie
560 2961 624 3024 eatis]
641 2962 679 3009 Sic
688 2963 758 3019 dixit,
773 2970 799 3011 ut
817 2963 858 3025 qui
903 2963 1046 3024 junctionem
1066 2963 1146 3010 velint.
1163 2961 1211 3008 Vel
1228 2976 1327 3022 proruo,
1340 2970 1409 3019 m,

358 3030 514 3092 suspiceretur
530 3049 544 3080 e
560 3032 684 3083 Cirrernete
705 3034 799 3092 dietum,
822 3036 857 3083 ui·
905 3044 974 3091 recte,
989 3051 1045 3083 cere.
1067 3036 1099 3082 Et
1109 3034 1270 3094 diciturquesi
1282 3050 1407 3095 porroet*

357 3104 428 3151 mium
439 3104 540 3166 inqnnm,
552 3120 597 3152 non
608 3106 678 3163 serio,
687 3106 799 3167 sedjoco.
817 3108 847 3156 C.
905 3122 949 3157 eus.
965 3108 1024 3155 Nem
1037 3122 1139 3169 mnam
1148 3113 1185 3153 est
1197 3121 1265 3168 porro
1276 3122 1370 3164 mrtem,
1381 3108 1409 3154 id·

390 3178 477 3223 Omnes
492 3178 565 3225 nostri
577 3180 643 3233 immo
655 3180 687 3227 eie
696 3180 755 3226 sctis.
772 3180 856 3227 Recte.
906 3189 951 3237 est,
961 3188 1013 3228 ente
1021 3195 1119 3228 versum.
1132 3178 1195 3225 Hinc
1205 3186 1229 3226 et
1238 3194 1318 3238 meree
1327 3182 1409 3235 oratic,

357 3250 417 3296 Cum
428 3249 488 3297 enim
499 3249 604 3297 leuderet
617 3250 731 3298 fallacinm
745 3250 858 3299 Chremes
906 3268 972 3314 quam
984 3251 1128 3299 ncnindexit
1138 3251 1260 3298 cantilena.
1289 3250 1352 3313 Hes]
1368 3253 1408 3298 lu-

354 3322 430 3384 prcbe,
450 3324 557 3370 nimium:
579 3322 652 3383 Syrus
673 3323 727 3371 ficte
744 3325 859 3371 modestis
906 3325 1010 3386 terjectic
1025 3324 1138 3371 mirantis.
1162 3326 1194 3371 Bt
1209 3324 1254 3370 lrec
1270 3338 1321 3370 cum
1339 3333 1408 3385 gestu

357 3396 493 3457 respondet,
506 3396 537 3443 sie
546 3396 614 3453 satin
628 3396 783 3443 mediocriter.
801 3398 832 3445 B.
906 3396 996 3450 servili,
1006 3403 1031 3443 et
1038 3396 1122 3443 leviori
1132 3410 1238 3459 peracute
1246 3411 1349 3457 congr-ne
1356 3397 1408 3444 dio·

392 3471 425 3518 23
441 3469 544 3531 Stpmet
554 3466 669 3533 fallacia]
694 3470 725 3515 V.
746 3468 775 3519 C.
793 3484 860 3531 super
909 3477 964 3517 tum.
982 3470 1010 3515 0.

355 3540 453 3604 felice-ic
462 3550 500 3589 eet.
518 3542 547 3590 la.
941 3538 1029 3588 Turdus
1043 3537 1076 3603 ee]
1088 3539 1185 3589 Servius
1198 3540 1229 3593 ed
1243 3540 1296 3589 Ed.
1312 3540 1349 3589 Χ.
1368 3545 1408 3589 19.

392 3615 491 3675 Repene
502 3614 556 3677 prid
565 3628 630 3675 snper
630 3610 734 3679 fallacie
744 3622 784 3662 eet.
801 3614 832 3663 B.
908 3614 936 3661 1..

361 3698 364 3707 ’
391 3691 424 3733 24
442 3684 513 3733 litum
523 3686 601 3733 cidioee
608 3684 698 3749 filium]
715 3688 798 3748 Neque
813 3686 859 3734 hoc
940 3684 1028 3733 Omnes
1038 3685 1111 3738 nostri
1121 3701 1223 3747 worm:
1239 3686 1302 3755 qued
1313 3695 1351 3735 eet
1360 3703 1410 3735 me-

360 3758 858 3816 Menedemoereditcruectchremes,dum
905 3758 961 3806 lius.
988 3760 1049 3806 Nem
1060 3772 1150 3820 prorsus
1160 3760 1251 3820 abjecto
1267 3775 1278 3806 ι
1293 3760 1410 3813 moclena

360 3830 425 3878 dicet
433 3830 538 3888 interius,
548 3838 571 3877 et
586 3830 652 3878 ilium
667 3833 732 3879 ctum
744 3832 797 3879 veile
806 3846 859 3879 uzu·
908 3836 952 3886 eet,
961 3831 990 3877 ed
1002 3831 1079 3877 Graeci
1088 3832 1157 3878 metri
1166 3846 1261 3881 morem.
1278 3832 1307 3879 B.

358 3916 413 3950 rem.
432 3900 460 3951 C.
941 3906 973 3953 29
989 3902 1226 3967 Argeutumdctitnr]
1234 3902 1411 3953 sciliceta«-

394 3974 576 4035 legendam
586 3972 641 4022 dicit
652 3982 723 4031 mem,
735 3973 780 4023 &u
798 3976 859 4022 Nem
882 4006 886 4015 ·
907 3974 1013 4022 nedemo.
1035 3975 1136 4022 Inferius
1146 3976 1255 4023 Chremes
1268 3992 1314 4023 non
1327 3977 1410 4026 imme-

360 4048 416 4096 dicit
424 4055 460 4095 est
470 4046 494 4093 in
504 4046 577 4107 regio,
588 4054 613 4093 et
623 4046 712 4095 ducitur
723 4047 804 4095 Fecrni
815 4062 857 4109 cp-
907 4062 958 4093 mor
967 4048 1090 4095 verborum
1109 4047 1171 4108 Syri,
1188 4048 1326 4095 Menedemo
1335 4048 1412 4105 dicet,

360 4120 432 4169 timis.
449 4118 497 4167 Sese
507 4120 551 4180 ipse
560 4134 612 4166 cum
622 4118 789 4179 attinentium
805 4120 857 4180 quic
906 4128 929 4167 et
942 4119 1008 4167 illum
1023 4122 1090 4167 ciuem
1103 4120 1158 4168 cette
1173 4135 1278 4167 mm:
1293 4128 1323 4166 ut
1337 4137 1411 4183 quea

361 4193 422 4241 enim
433 4192 492 4239 elius
504 4191 548 4237 lroc
558 4191 659 4261 diceret:
676 4190 858 4253 reponedeinde.
907 4192 1053 4253 capuam
1068 4192 1106 4239 dee
1124 4194 1163 4255 qut
1179 4208 1271 4250 curum,
1288 4202 1309 4239 et
1322 4204 1412 4251 m,

360 4273 388 4313 ut
398 4264 442 4312 tv.
455 4266 478 4312 8.
489 4266 528 4312 24.
539 4263 565 4311 it.
577 4262 672 4311 Ριο1.3.
690 4265 718 4310 B.
855 4270 859 4279 ’
907 4263 1094 4326 emicatimque
1101 4272 1352 4325 memeteemperet.
1370 4264 1406 4323 C.

395 4338 427 4386 2⁷
443 4335 610 4399 chetitpceei]
626 4336 654 4382 ld
668 4342 713 4391 est,
726 4337 779 4397 peti.
798 4334 860 4383 Peti·
941 4339 974 4385 30
990 4334 1048 4397 Qui]
1064 4336 1169 4399 Proque.
1186 4334 1216 4383 C.

362 4424 412 4457 mm
427 4408 514 4471 aliquid
530 4407 652 4470 precario:
665 4410 772 4469 peecimce
786 4408 859 4471 impe·
941 4412 973 4458 31
991 4406 1145 4473 Neeependeo]
1154 4407 1253 4469 Proprie
1262 4407 1410 4471 dixitSm-

364 4483 442 4534 rtcee:
456 4482 591 4547 μνιειιὶιιιιιιι
604 4483 663 4545 jure.
680 4483 708 4531 c.
909 4482 947 4531 det
956 4489 1023 4545 peter
1032 4481 1129 4546 puelle:
1145 4482 1260 4544 despondet
1275 4482 1411 4545 mede-
