3242 5559
359 757 437 818 xlviii
672 756 779 817 DAN.
800 753 1039 816 HEINSIUS

360 937 439 998 Nam
458 935 625 998 Mercurius
645 936 861 1018 Amphitryone
881 947 913 997 et
933 935 1058 1016 Jupiter,
1079 931 1121 994 dii
1139 943 1225 993 sonte
1245 932 1350 1013 quibus

359 1032 458 1095 omnio
471 1033 603 1106 concedi,
619 1033 706 1093 etiam
716 1034 775 1106 hie,
789 1034 894 1094 solent.
925 1035 1025 1100 Quare
1038 1030 1185 1092 incurrere
1198 1030 1230 1090 πὸ
1242 1030 1352 1106 ἄλογον

359 1150 417 1191 non
430 1140 561 1210 possunt
592 1129 652 1191 Ubi
667 1130 744 1190 enim
756 1130 1105 1211 diiagrmt,eessotrutio.
1137 1127 1259 1196 Quidvis
1272 1128 1351 1188 enim

357 1246 445 1308 posse
463 1246 523 1299 eos,
546 1244 633 1288 nemo
656 1237 710 1298 est,
733 1228 783 1306 qui
803 1247 864 1288 non
882 1226 1035 1305 intelliget
1075 1225 1113 1286 In
1133 1222 1352 1296 ‘ferentin-cui

358 1323 413 1384 soli
427 1332 520 1383 artem
534 1322 657 1383 Flaccus
669 1333 767 1383 noster
785 1324 951 1403 assignavit,
965 1322 1037 1382 nihil
1052 1321 1121 1382 tale.
1162 1320 1270 1380 Omnia
1283 1340 1351 1382 eum

353 1419 477 1497 judicio,
501 1440 569 1481 eum
590 1419 711 1493 retiano,
735 1420 954 1502 circumspecte,
978 1438 1017 1479 ex
1038 1430 1112 1489 erte,
1133 1427 1164 1479 et
1183 1436 1252 1478 eum
1269 1435 1351 1480 eura.

358 1516 437 1578 Nam
449 1528 481 1579 et
494 1517 600 1579 fabule
612 1518 756 1597 insignem
773 1518 837 1579 fere
855 1537 922 1578 eum
934 1515 1082 1597 agnitione
1094 1516 1285 1577 mutationem
1300 1515 1352 1575 hs-

356 1612 446 1675 benur
466 1633 533 1693 quoe
546 1614 688 1683 interfice
700 1618 739 1694 μὴ
753 1616 850 1682 ἁπλᾶς
868 1615 930 1675 sine
942 1618 1146 1694 πεπλεγμένας
1158 1632 1223 1673 esse
1234 1611 1352 1694 periec-

356 1710 480 1773 tissimus
495 1730 617 1773 neeesse
629 1721 684 1772 est
718 1711 820 1784 Qualis
833 1710 905 1771 etin
916 1709 1028 1790 reliqua
1039 1708 1150 1789 ubique
1163 1705 1352 1788 dispositione

357 1819 413 1869 est.
454 1809 543 1876 Quod
555 1809 595 1870 ud
608 1808 765 1869 dictionem
779 1816 887 1887 eutem,
905 1806 971 1886 quis
988 1805 1119 1886 negabit,
1138 1804 1274 1885 quoedum
1286 1822 1352 1865 esse

357 1904 388 1963 in
403 1904 519 1978 Plauto,
538 1924 604 1985 qum
625 1924 681 1966 nec
701 1905 798 1965 laeum
819 1915 904 1963 extre
924 1922 1053 1975 suenum,
1077 1921 1175 1983 neque
1194 1920 1280 1961 usum
1299 1900 1353 1961 nisi

358 2000 434 2060 inter
444 2000 600 2059 histriones
613 2000 743 2060 habent?
770 2000 861 2061 Unde
874 1999 938 2059 solo
955 2008 986 2059 et
998 1998 1108 2077 exiguo
1120 1997 1225 2058 theatri
1242 1998 1352 2059 ambitu

359 2094 644 2156 circumscribuntur.
685 2095 765 2156 Nem
778 2106 809 2155 et
819 2096 1006 2171 ἀγωνιστικὸν
1017 2096 1049 2154 in
1061 2094 1136 2167 foro,
1149 2114 1246 2175 neque
1258 2096 1353 2155 minue

359 2190 505 2273 γραφικὸν,
520 2190 579 2251 sive
589 2190 727 2251 usitatum
739 2191 770 2249 in
780 2190 937 2251 scribendo
943 2191 1153 2263 characterem,
1164 2191 1254 2271 longe
1264 2210 1354 2253 eroe-

359 2288 450 2347 dunt:
470 2306 529 2366 quo
543 2287 651 2367 ubique
664 2306 749 2359 nors,
764 2298 795 2348 et
807 2285 874 2365 jam
886 2288 1052 2361 emendate,
1065 2287 1185 2368 respicit
1198 2288 1353 2348 eomoedia.

360 2386 458 2451 Quare
478 2383 573 2443 Varro
596 2403 664 2444 aum
684 2383 827 2445 sermonis
848 2383 967 2443 leudem
985 2383 1028 2443 illi
1049 2384 1160 2456 tribuit,
1180 2384 1260 2444 idem
1273 2384 1352 2466 quod

359 2480 468 2560 ubique
480 2479 512 2538 in
525 2479 651 2560 seriptis,
665 2480 764 2561 quenti
777 2480 891 2542 feceret
904 2481 1117 2561 antiquitatem,
1128 2481 1298 2562 profitetur:
1320 2491 1354 2541 ut

359 2577 409 2657 qui
422 2579 458 2637 τὰ
469 2577 705 2656 ἀπηρχαιωμένα,
719 2597 786 2656 quae
803 2578 834 2636 in
852 2578 959 2638 Plauto
979 2578 1085 2659 partim
1102 2599 1199 2639 aevum
1215 2598 1276 2659 quo
1288 2578 1354 2640 hoeo

359 2671 484 2753 scripsit,
499 2672 683 2752 partimque
696 2673 843 2752 plenisque
855 2675 965 2754 placet,
976 2675 1041 2755 ipsu
1054 2675 1149 2736 desim
1167 2686 1290 2737 excusat
1302 2694 1354 2736 en·

359 2768 487 2849 equites,
502 2767 696 2829 commendet.
737 2767 827 2829 Unde
840 2782 871 2831 et
884 2770 947 2852 ipse
965 2772 1015 2852 qui
1032 2772 1077 2833 sie
1091 2770 1246 2852 judioevit,
1263 2778 1297 2833 ut
1309 2772 1355 2831 ni·

359 2866 450 2926 mium
463 2865 640 2946 antiquitatis
653 2866 683 2925 in
697 2865 854 2927 scribendo
870 2868 1027 2941 studiosus,
1041 2888 1138 2948 neqtm
1151 2868 1221 2930 suda
1235 2869 1289 2929 oevi
1307 2868 1354 2929 sui

359 2983 480 3035 memor,
495 2961 589 3022 Varro
603 2964 641 3023 ab
655 2961 780 3041 antiquis
794 2962 902 3025 'criticis
910 2976 1038 3026 notatur.
1079 2964 1138 3033 Qui
1148 2985 1216 3025 uum
1228 2966 1354 3027 sentient

359 3060 410 3133 sio,
420 3060 633 3139 judicemque:
654 3059 737 3119 nobis
747 3058 796 3139 qui
807 3062 845 3120 ub
857 3060 1029 3123 iiiismerito
1037 3064 1209 3142 pendemus,
1219 3063 1354 3145 equidem

361 3157 520 3219 tacendum
541 3175 617 3218 reor.
667 3156 779 3217 Auctor
806 3157 844 3216 de
870 3156 964 3217 musis
990 3157 1164 3238 eloquentiae
1191 3172 1353 3241 corruptae:

361 3256 502 3314 Neminem
510 3254 647 3314 norninabo
655 3277 668 3323 ,·
681 3274 768 3333 genua
778 3254 910 3313 tonninron
918 3255 1040 3333 rignasoe
1049 3265 1207 3316 cantentur:
1224 3258 1272 3316 sed
1280 3257 1355 3316 uobis

360 3354 453 3431 utique
462 3360 605 3432 versantur
618 3358 681 3411 ante
691 3352 789 3427 oens,
803 3351 850 3430 qui
862 3350 997 3410 Lucilium
1006 3372 1060 3429 pro
1070 3353 1200 3427 Horatia,
1215 3363 1242 3413 et
1253 3354 1354 3415 Incre-

360 3451 428 3509 tn'am
437 3469 490 3527 pro
506 3448 622 3528 Virgilio
635 3449 737 3526 legant,
751 3449 846 3525 quattus
859 3449 1008 3525 eloquentia
1021 3449 1064 3508 tui
1077 3450 1183 3525 Aufidii
1196 3452 1288 3523 Bassi,
1303 3460 1353 3511 and

360 3546 471 3606 Seruilii
489 3544 613 3604 Noniani
628 3565 660 3603 ee
678 3546 878 3621 comparatione
896 3542 1014 3603 Sisenna
1026 3553 1076 3605 aut
1097 3546 1238 3621 Varronis,
1252 3550 1352 3608 sordet.

360 3640 450 3709 Quod
467 3659 508 3701 ex
524 3639 644 3699 vocibus
665 3639 791 3719 antiquis
809 3648 901 3719 putet,
921 3658 994 3718 quus
1015 3659 1055 3701 ex
1074 3640 1155 3702 libris
1176 3644 1240 3722 ejus
1260 3642 1354 3705 critici

360 3738 506 3816 legerunt,
532 3754 599 3794 cum
618 3754 677 3795 non
694 3752 789 3814 puueu
807 3734 865 3795 alit
885 3755 924 3797 ex
944 3736 1058 3818 seriptis
1076 3740 1140 3818 ejus
1159 3740 1220 3819 peti
1234 3740 1352 3820 possint.

359 3832 493 3913 Ideoque
507 3830 624 3904 Cicero,
645 3832 748 3912 quide
766 3832 861 3895 etatis
880 3852 941 3894 sure
961 3843 991 3895 et
1009 3854 1144 3896 sermone
1158 3846 1188 3897 et
1199 3847 1353 3898 venustate

359 3929 484 3990 menime
498 3948 566 3990 eum
578 3946 648 3989 euru
664 3928 830 4007 judicabat,
844 3928 961 3990 leudem
980 3929 1059 3991 hune
1077 3930 1219 3993 Terentio
1231 3933 1354 3995 cessisse

360 4026 466 4088 merito
482 4024 663 4105 pronunciet.
707 4024 757 4086 Sic
770 4025 848 4085 enim
866 4026 906 4086 od
919 4026 1069 4088 Atticum:
1091 4026 1206 4088 Secutus
1221 4050 1288 4103 turn,
1301 4050 1354 4089 non

361 4124 422 4184 dico
444 4122 579 4183 ceciliam
589 4144 601 4190 ,·
621 4138 708 4183 mane
727 4132 761 4182 ut
781 4142 820 4182 ex
840 4134 929 4204 portu
949 4122 979 4181 in
1000 4124 1161 4185 Piraeeum:
1182 4130 1269 4186 natas
1284 4129 1354 4186 enan

362 4219 527 4279 Latinitatis
547 4226 644 4279 auctor
667 4227 731 4277 est.-
758 4220 806 4278 ted
831 4218 993 4290 Terentium,
1018 4224 1096 4299 cujru
1111 4220 1225 4302 fabella
1240 4232 1354 4301 propter

362 4316 524 4395 degenian
533 4315 670 4388 sommus,
682 4316 852 4394 petebantur
862 4336 881 4374 a
891 4314 975 4376 Lata
987 4317 1085 4376 scribi:

555 4452 616 4503 Hari
626 4452 715 4517 aliquot
725 4454 891 4503 tdoiomtuli
901 4454 990 4504 aoirnm
1000 4456 1025 4504 iu
1035 4455 1159 4505 Piraeum.

363 4576 405 4637 Et
418 4574 535 4637 Servius
548 4576 726 4658 proprietate
740 4577 855 4639 coeteris
865 4579 1045 4662 propositum
1056 4579 1137 4641 hune
1149 4590 1242 4644 notet
1266 4579 1353 4640 idem

362 4672 401 4736 de
415 4672 659 4756 sententiisque·
675 4674 804 4747 διανοίας
822 4687 940 4752 voeunt,
954 4676 1083 4757 judieuri
1091 4687 1200 4760 potest.
1240 4676 1352 4739 Omnes
