3242 5559
581 726 770 814 ecurt.
802 748 1070 819 nonnum.
1278 756 1342 822 381

306 927 399 995 Nem
413 930 630 996 inoor'nmodn
644 933 714 999 eliu
727 937 805 1000 nunt
819 934 972 1016 dicende,
986 938 1164 1005 Parmeno.

302 1040 420 1123 Illum,
434 1044 542 1127 liquet
554 1042 636 1107 milti
651 1044 812 1129 dejerare,
827 1047 881 1111 his
894 1050 1067 1115 mensibus

305 1152 388 1233 Sex,
404 1158 546 1237 septem,
561 1172 715 1238 prorsum
729 1174 797 1220 non
811 1157 939 1224 vidisse
953 1160 1129 1245 proximis,
1300 1170 1343 1230 40

306 1258 386 1329 Nini
400 1284 502 1343 nuno,
518 1284 595 1330 oum
608 1266 744 1332 minime
757 1268 892 1348 vellem,
906 1272 1109 1356 minimeque
1124 1290 1212 1357 opus
1226 1274 1299 1341 fuit.

304 1374 399 1442 Ehol
442 1396 554 1441 nonne
582 1376 648 1443 hoc
676 1381 817 1445 monstri
845 1381 1019 1448 simile’stt
1062 1384 1143 1469 quid
1177 1387 1254 1451 uisi
1299 1384 1341 1453 P.

432 1486 606 1552 Maxume.

305 1596 345 1663 G.
366 1596 536 1665 Continuo
551 1600 697 1666 accurrit
709 1602 754 1668 nd
768 1622 833 1682 mo,
849 1625 951 1689 quom
964 1606 1063 1691 longe
1078 1607 1225 1691 quidem,

302 1811 426 1862 tudiorem
447 1813 548 1863 futurem
566 1820 691 1863 emetorem
706 1816 798 1865 inneeee
839 1818 929 1881 judicer
943 1832 987 1865 oon
1003 1818 1204 1879 liqueredimot.
1240 1816 1344 1883 Dv'em

302 1884 399 1946 virgini·
411 1884 478 1951 (edd.
488 1893 545 1934 vett.
561 1886 619 1949 qnod
629 1888 757 1937 &rudibile
767 1896 799 1937 κ
847 1898 884 1938 eet
892 1896 969 1937 eenole
977 1892 1062 1951 jurene.
1081 1890 1108 1937 E.
1235 1898 1242 1913 ⁸

302 1956 798 2025 refellimtordioremernoremfnininie·
879 1958 960 2024 limet
979 1960 1034 2008 eniti
1049 1960 1159 2024 dejerare]
1175 1960 1196 2009 1.
1214 1977 1235 2008 e.
1253 1962 1342 2024 liquido

301 2045 361 2079 m
370 2031 471 2093 terginit.
489 2031 521 2078 D.
846 2032 948 2095 deJerere
964 2048 1065 2091 poenum.
1078 2048 1099 2080 r.
1112 2034 1201 2081 noted
1215 2034 1285 2081 Andr.
1297 2036 1342 2083 1v.
1407 2076 1410 2083 .

334 2100 383 2150 tm
392 2104 451 2150 enim
460 2101 521 2165 nero]
540 2105 610 2151 Reote
618 2104 751 2152 edoleeoene
762 2120 798 2152 re·
846 2106 871 2153 8.
883 2108 922 2155 te.
955 2104 1061 2169 Dv'erore
1073 2112 1110 2153 eet
1120 2106 1196 2162 velte,
1213 2114 1291 2155 tenete
1303 2111 1343 2170 ju-

300 2174 797 2241 meltenditeervumdieentem,ineoemode.
846 2194 904 2226 rere.
937 2180 998 2227 Nem
1013 2180 1040 2226 de
1055 2178 1079 2226 in
1093 2180 1226 2240 componitie
1240 2180 1285 2227 rim
1302 2198 1341 2229 eu-

298 2248 474 2295 lnoommodom
485 2255 522 2295 eet
531 2248 601 2305 enim,
613 2265 665 2296 cnm
679 2265 721 2296 noe
731 2249 799 2297 noble
846 2250 937 2313 getnin
947 2252 1047 2299 muer«
1058 2258 1095 2299 eet
1106 2252 1171 2299 velde
1181 2268 1264 2309 emere,
1274 2254 1342 2301 derni-

300 2334 466 2375 uuneumm,
477 2328 504 2368 ut
520 2319 607 2381 eliqnid
621 2320 699 2368 demni
715 2322 799 2369 eeotie·
846 2325 895 2371 reri
911 2323 978 2370 relde
999 2323 1085 2378 mireri,
1106 2322 1129 2370 ln
1150 2322 1210 2371 Hee.
1226 2325 1255 2371 V.
1273 2330 1296 2375 Ξ.
1317 2326 1342 2374 5.

299 2406 360 2438 moe.
403 2394 436 2439 At
456 2406 512 2439 vero
536 2391 574 2438 hin
596 2408 678 2453 perum
699 2392 799 2440 feliciter
847 2392 1032 2455 anlirdy'ernt
1041 2402 1162 2455 manete.
1174 2410 1198 2441 r.
1210 2396 1342 2443 Broolrlrue.

298 2468 410 2525 geeteren
418 2470 462 2519 eet,
473 2463 510 2511 rel
519 2463 642 2511 infeliciter
652 2465 738 2524 potine,
746 2480 798 2512 nom
848 2464 877 2513 ed
886 2464 956 2525 Prop.
966 2466 1032 2526 Eleg.
1044 2464 1088 2511 lv.
1098 2470 1121 2514 3.
1129 2468 1169 2513 42.
1187 2466 1218 2513 R.
1228 2466 1260 2512 D.

299 2550 331 2583 ex
341 2544 427 2584 eventu
437 2540 462 2583 et
473 2552 504 2585 ex
514 2537 603 2583 fortene
617 2536 709 2597 quidem
718 2552 799 2584 ooeur·
875 2539 907 2583 40
915 2536 1020 2584 Pronum
1029 2536 1273 2600 nonvidiereprun'enie]
1282 2538 1343 2599 Quie

298 2608 657 2671 rereteenex,otimpedimento
667 2616 737 2657 eneet.
764 2611 796 2657 nt
844 2624 890 2656 nou
907 2608 994 2657 ridinee
1010 2608 1071 2657 dixit
1090 2609 1202 2670 memorie
1218 2611 1343 2671 preteritis

299 2688 362 2729 eerte
372 2680 429 2728 milei
440 2680 531 2729 videtur
545 2680 633 2728 ideireo
644 2688 743 2729 monae
756 2698 796 2744 ge·
842 2678 1002 2741 intelligi-ne.
1035 2680 1146 2727 Proxime
1155 2682 1214 2727 enim
1226 2681 1293 2729 nobie
1303 2688 1344 2731 ent

298 2768 342 2801 ene
352 2752 497 2807 nelemitetin,
507 2760 534 2800 ot
547 2752 704 2799 infelicitatum
717 2754 796 2814 potine
844 2753 970 2814 preterite,
987 2760 1027 2800 eut
1045 2753 1120 2800 futore
1137 2760 1203 2799 root:
1222 2768 1273 2801 nem
1283 2768 1343 2815 pue·

299 2842 368 2887 quem
382 2824 550 2873 inoommodure
569 2826 664 2872 dioeret.
681 2826 743 2886 quod
761 2827 796 2873 in-
845 2825 919 2871 eentie
926 2840 953 2873 ee
961 2832 1022 2882 eunt,
1029 2824 1052 2872 in
1059 2825 1141 2886 quibue
1148 2840 1207 2872 nuno
1214 2840 1300 2872 eumne.
1311 2827 1342 2875 D.

299 2898 443 2945 eommodner
454 2897 505 2962 jem
518 2896 602 2945 melum
617 2904 655 2944 eet
664 2898 727 2959 qnod
742 2912 796 2946 ere-
877 2899 942 2959 Lege
953 2912 1053 2959 prm,
1063 2898 1125 2960 qood
1139 2912 1183 2945 non
1198 2898 1266 2945 modo
1277 2898 1343 2959 qein-

298 2968 373 3017 uerit:
390 2969 515 3018 infelioitee
533 2984 590 3017 vero
609 2967 636 3015 id
649 2969 733 3017 melum
751 2977 797 3026 eet,
845 2986 890 3033 qne
906 2970 974 3018 nodd.
986 2986 1038 3019 eum
1053 2970 1107 3018 ete.
1118 2977 1175 3018 vett.
1193 2978 1216 3018 et
1233 2971 1306 3017 Prien.
1317 2986 1342 3033 p.

298 3040 362 3103 'erdod
373 3057 482 3102 perterre
489 3042 580 3091 fortune
589 3042 717 3103 contingit:
734 3045 796 3105 qnod
846 3046 917 3093 1200.
936 3044 1028 3100 hebent,
1048 3044 1089 3090 ted
1107 3050 1132 3090 et
1149 3042 1282 3091 concinnior
1297 3052 1341 3101 eet,

299 3121 373 3162 temo
381 3114 479 3162 ooneilio
487 3114 608 3163 eteirtnte
617 3114 701 3175 norrigi
712 3121 737 3163 et
746 3130 797 3163 ene·
845 3117 898 3179 quie
910 3117 1009 3177 pmoed.
1019 3131 1065 3163 vox
1075 3130 1098 3161 m
1109 3114 1249 3163 terminetur.
1268 3118 1297 3164 Β.

298 3186 461 3247 tineripoteet.
478 3190 506 3235 tt
876 3188 917 3237 Ser
935 3187 1025 3250 reptent]
1046 3187 1170 3247 Dlegenter
1188 3202 1231 3249 pro
1248 3202 1283 3235 ner
1301 3198 1343 3236 ant

332 3262 365 3307 38
373 3257 433 3306 Nero
441 3257 795 3324 inmedeniieeuotdinurdo]
844 3266 929 3321 mee».
946 3260 996 3306 Cio.
1008 3260 1037 3305 ed
1045 3258 1116 3306 Attin.
1128 3259 1162 3305 X.
1176 3264 1197 3308 8.
1209 3274 1253 3315 rer,
1264 3267 1342 3319 epten

300 3331 359 3391 Qum
373 3331 463 3379 minore
476 3337 530 3379 eunt
541 3330 639 3388 eoilieet,
649 3339 690 3379 ent
702 3331 795 3379 eimilie.
844 3330 1078 3378 dieteu.r.1embin.
1093 3329 1122 3379 ed
1136 3331 1219 3378 Horet.
1232 3331 1301 3391 epist.
1319 3332 1341 3379 1.

300 3403 332 3459 D.
846 3407 869 3450 t.
880 3404 921 3451 57.
940 3402 968 3449 lt.
982 3402 1013 3449 D.

331 3478 364 3527 89
385 3473 455 3523 lune
474 3476 542 3539 liquet
557 3472 613 3523 etti
628 3473 737 3537 deimre]
754 3475 795 3523 lt-
876 3478 907 3521 41
925 3472 975 3521 Not
993 3486 1054 3520 nnete
1071 3488 1139 3537 quom
1152 3473 1240 3519 etnim
1252 3472 1341 3539 vellem]

298 3548 391 3610 quidum
402 3555 439 3595 eet
448 3554 563 3603 eomtem,
573 3553 596 3594 et
608 3544 760 3604 menifestum,
771 3554 796 3595 et
843 3547 904 3607 Quin
915 3562 1005 3608 temper
1014 3546 1087 3603 nolui,
1103 3546 1157 3593 ideo
1168 3561 1227 3593 nuno
1238 3544 1341 3601 minime,

298 3626 392 3667 nemum.
426 3622 458 3667 Bt
473 3620 507 3667 ein
523 3618 599 3683 liquet,
617 3633 661 3680 pro
680 3618 793 3679 liquidum
842 3626 924 3683 utpote
941 3618 1074 3666 etloleeoeue
1088 3632 1173 3665 eonem.
1207 3616 1343 3680 Minimeque

298 3700 350 3740 eet:
366 3699 394 3739 ut
402 3683 496 3749 eleddit,
510 3708 552 3755 pro
563 3692 670 3739 olendum
684 3697 727 3738 eet.
759 3692 795 3740 Ut
842 3690 962 3757 opnefnit]
980 3690 1234 3752 Supeenirnuolurnue
1245 3696 1341 3747 tentum,

298 3766 358 3828 epod
368 3765 501 3812 Seltnetinm
509 3764 546 3830 (in
558 3762 659 3828 Fregm)
684 3762 794 3812 Nolito
842 3780 902 3813 nune
913 3765 980 3812 etiem
992 3778 1050 3824 opue
1061 3778 1106 3810 non
1118 3770 1159 3811 eet.
1181 3764 1211 3810 D.

297 3840 372 3887 nordio
381 3838 506 3886 einedednt.
539 3840 613 3887 ssteet
623 3837 794 3899 domuerbum
874 3841 906 3889 42
919 3836 1089 3885 Mmtrtnmito
1096 3836 1139 3900 eet]
1148 3836 1168 3882 1.
1178 3840 1289 3883 ament
1298 3832 1342 3880 mi·

293 3908 731 3979 iurie,qnoutebeuturjodinee,qnnm
742 3924 793 3956 ere-
842 3910 921 3959 rende.
944 3910 993 3957 cie.
1009 3924 1051 3971 pro
1068 3908 1145 3971 Liger.
1165 3926 1186 3956 n.
1204 3912 1228 3955 4.
1237 3908 1341 3971 prodigio

298 3997 376 4032 rnroe
386 3981 722 4043 pronuoiebntobeooritete
731 3996 794 4028 oom-
841 3982 911 4031 rimile
926 3990 966 4038 ert,
985 3980 1043 4045 qnod
1061 3982 1142 4028 dicem.
1159 3996 1183 4028 v.
1202 3979 1290 4028 Duker.
1309 3978 1340 4026 ed

296 4054 354 4111 moti
370 4068 446 4103 oeneoe
460 4054 541 4115 megin,
556 4068 623 4115 qoem
636 4052 723 4115 negotii
739 4052 794 4099 eim-
842 4054 906 4102 Flor.
916 4054 965 4101 nt.
977 4054 1001 4100 4.
1014 4070 1036 4115 p.
1047 4054 1103 4102 514.
1124 4052 1155 4098 R.
1168 4052 1199 4098 D.
1278 4048 1282 4055 '

295 4125 399 4189 plieitete
408 4124 487 4190 (forte,
495 4120 630 4187 denlieitete,
644 4125 667 4171 h.
678 4140 700 4175 e.
717 4123 794 4187 impli-
874 4129 907 4175 43
923 4124 997 4180 Qttnm
1008 4124 1072 4189 [σῳ
1082 4122 1180 4188 moden]
1197 4124 1261 4171 Beue
1276 4122 1340 4187 leuge

296 4196 404 4263 ntimo)
438 4196 552 4259 nem,
570 4197 640 4245 velde
654 4199 746 4257 jnrere:
767 4204 794 4244 ut
842 4196 917 4246 dixit:
934 4198 987 4259 quie
998 4214 1012 4244 o
1023 4198 1086 4261 louge
1098 4212 1143 4244 nnn
1159 4197 1236 4258 potnit
1246 4197 1338 4244 dicere:

296 4271 398 4328 demiror,
415 4278 439 4319 et
450 4271 536 4318 deum
551 4279 580 4327 te,
592 4269 653 4333 Syre,
664 4270 685 4316 ni
695 4271 723 4316 de
739 4284 793 4331 pro·
841 4286 870 4318 en
887 4270 1020 4319 nubenditnr
1035 4276 1092 4326 eret,
1102 4278 1128 4317 nt
1143 4268 1182 4327 nit,
1193 4284 1259 4333 ouem
1276 4268 1340 4335 louge

296 4344 365 4391 dente
374 4344 474 4406 legerim
490 4343 635 4406 rioorrepte,
647 4342 705 4390 deoe
714 4345 793 4403 jorere
841 4344 907 4391 eruti
922 4342 954 4390 D.

295 4413 440 4478 intelligitur.
457 4416 489 4462 D.
873 4414 977 4462 deuenit
988 4414 1073 4478 adme]
1090 4413 1137 4461 llio
1148 4412 1287 4461 inomnibne
1298 4426 1340 4459 ex·

327 4484 409 4549 liquet
418 4486 474 4534 etti
483 4486 595 4551 dejerare]
610 4486 742 4543 Mnifeete,
754 4484 791 4533 in·
840 4486 959 4549 primeude
979 4494 1015 4533 ent
1036 4486 1140 4543 terniue,
1161 4484 1223 4557 qood
1242 4482 1340 4544 impedi·

294 4557 353 4621 quit,
361 4573 454 4620 pomum
460 4561 547 4620 jurere.
580 4556 661 4622 lique
669 4559 737 4614 enim,
747 4558 791 4605 hoo
839 4556 940 4607 meotmn
950 4574 996 4606 non
1011 4558 1078 4621 perri
1092 4558 1201 4621 temporie
1214 4554 1290 4617 poenit
1301 4570 1339 4602 oe·

295 4637 339 4684 oet¹
350 4631 436 4688 elerum
446 4636 471 4678 et
478 4631 621 4679 menifeetom
631 4636 674 4678 eet.
707 4632 741 4678 Ut
752 4629 791 4678 ct-
840 4631 941 4679 tendere.
975 4633 1035 4679 Nem
1053 4632 1107 4679 linet
1127 4630 1224 4685 uecrrrrit
1245 4626 1338 4682 dixerit,

296 4718 348 4752 nero
362 4702 469 4753 Cluentio
485 4706 525 4754 tt.
543 4710 569 4753 et
584 4706 625 4754 38.
642 4704 732 4768 nitidem
750 4703 792 4753 tili
840 4708 915 4753 temen
930 4708 1017 4753 eertum
1028 4710 1064 4752 eet
1074 4702 1141 4751 intem
1153 4698 1337 4765 properetionem
