3242 5559
377 762 437 825 rev
598 762 795 827 vicina.
815 724 1157 826 nicomatus.

376 954 495 1005 secutus
516 954 569 1015 cst,
590 945 719 1018 Cratino,
737 946 852 1005 fabulas
869 946 899 1003 in
919 966 1001 1005 suam
1019 946 1143 1006 formam
1162 963 1227 1004 esse
1250 944 1387 1005 tandem.

376 1042 520 1101 redactas.
563 1042 712 1122 Siquidem
725 1056 793 1103 ante
804 1044 934 1103 devictos
946 1044 1051 1102 Persas
1064 1043 1103 1102 ad
1117 1042 1271 1109 Salamina,
1283 1043 1368 1119 cujus

376 1136 505 1197 victorie
513 1138 656 1212 fabulam,
670 1160 736 1219 quse
747 1160 824 1203 nunc
838 1150 941 1210 exstat,
955 1139 1113 1217 AEschylus
1126 1137 1218 1209 dedit,
1230 1137 1325 1195 nullus
1338 1136 1368 1193 in

374 1233 409 1293 iis
424 1236 496 1295 ordo
514 1247 630 1315 poterat
644 1237 772 1317 reperiri.
814 1235 1029 1296 Comoediarum
1048 1235 1147 1312 itaque
1160 1232 1369 1312 primasemina

374 1330 413 1389 ad
425 1330 585 1411 AEgyptios
596 1334 766 1405 reseramus,
780 1331 935 1392 formulam
948 1350 1049 1389 earum
1068 1340 1099 1389 et
1112 1328 1242 1389 ordinem
1257 1327 1369 1393 Cratini

373 1429 549 1505 temporibus
568 1430 776 1500 adscribentes,
796 1428 854 1487 stili
875 1448 941 1488 cum
961 1426 1076 1487 ceteris
1096 1426 1248 1506 scripturis
1262 1426 1366 1485 e‘adem

373 1540 438 1593 esse
451 1524 626 1595 ,differentia
648 1526 773 1595 videtur,
796 1524 917 1604 antiqua
939 1524 1018 1583 enim
1041 1523 1188 1584 comredia
1210 1522 1315 1601 gravia
1337 1532 1369 1581 et

372 1620 452 1691 elata
471 1639 587 1698 semper
608 1620 727 1695 incedit,
751 1640 787 1679 ac
809 1638 1016 1700 nonnunquam
1037 1618 1214 1680 obsoletiore
1236 1618 1369 1697 quedam

372 1717 463 1775 verba
481 1726 628 1777 sectatur:
657 1728 688 1776 at
709 1726 811 1776 contra
831 1716 978 1776 recentior
998 1715 1185 1795 perspicuum
1205 1734 1369 1775 sermonem

370 1811 500 1884 affectat,
516 1824 619 1893 utpote
633 1834 699 1893 quae
712 1815 793 1875 novis
803 1834 838 1874 ac
847 1812 1028 1894 politioribus
1043 1824 1141 1873 utatur
1153 1812 1315 1873 atticiamis.

413 1910 560 1983 Materiae,
583 1930 671 1991 quum
690 1921 749 1971 tres
771 1930 837 1971 esse
857 1930 944 1970 nemo
965 1909 1095 1990 ambigat
1112 1910 1268 1981 sectiones,
1289 1928 1369 1989 que·

373 2006 442 2065 dam
455 2007 540 2066 altius
550 2006 685 2066 videntur
698 2006 780 2067 nobis
794 2026 860 2067 esse
874 2008 1044 2087 repetenda.
1088 2008 1146 2067 Per
1166 2006 1277 2067 Atticas
1290 2006 1368 2065 urbis
1442 2049 1444 2056 -

372 2099 553 2173 incrementa
568 2103 750 2183 potissimum
765 2104 882 2182 vigente
895 2105 1053 2184 republica,
1075 2123 1169 2183 quum,
1178 2101 1291 2163 scilicet
1305 2120 1367 2162 om·

372 2196 423 2254 nia
438 2198 535 2276 populi
553 2200 673 2257 arbitrio
695 2211 876 2277 regerentur,
890 2213 988 2281 poeta
1001 2201 1051 2280 qui
1063 2200 1169 2260 fabulis
1183 2217 1303 2278 operam
1316 2197 1367 2255 da·

372 2292 453 2367 bant,
461 2295 499 2371 ab
508 2294 703 2354 insectatione
712 2297 807 2355 aliena
817 2298 915 2354 stilum
925 2297 1042 2354 minime
1054 2306 1191 2375 poterant
1203 2293 1367 2353 continere:

371 2409 425 2465 seu
443 2390 684 2471 quoniamhttici
697 2402 800 2470 suapte
821 2402 925 2451 natura
943 2392 1106 2450 nasutiores
1126 2412 1193 2451 esse
1214 2392 1367 2451 dicuuturz

354 2544 356 2547 .
371 2487 433 2559 sive
450 2488 546 2567 potius
559 2488 641 2567 quod
654 2488 763 2567 plebeii
780 2506 898 2565 semper
915 2486 1017 2544 innato
1029 2484 1098 2545 odio
1117 2486 1256 2565 patricios
1268 2506 1367 2566 prose·

372 2594 510 2663 quantur.
557 2584 675 2643 Etenim
702 2583 878 2663 praepotenti
902 2602 1012 2641 morem
1036 2584 1148 2662 populo
1172 2595 1316 2662 gerentes,
1338 2595 1369 2645 et

367 2679 484 2757 judices
498 2691 529 2738 et
542 2690 681 2760 praetores
699 2679 863 2749 maledictis
883 2678 1020 2738 insectari
1038 2680 1154 2739 minime
1174 2680 1366 2740 dubitabant:

372 2795 408 2835 ac
421 2775 618 2837 nihilosecius
632 2776 765 2855 priuatos,
785 2776 810 2836 si
830 2776 894 2856 quio
908 2777 955 2836 vel
974 2795 1087 2851 avarus,
1100 2776 1148 2837 vel
1161 2776 1289 2857 impurus
1303 2796 1367 2838 esse

373 2871 537 2933 videretur:
558 2874 745 2954 maximeque
770 2873 894 2933 dabatur
915 2873 1004 2944 laudi,
1027 2873 1052 2933 si
1072 2885 1162 2953 poeta
1186 2875 1328 2955 quispiam
1347 2894 1366 2936 e

371 2988 463 3030 scena
476 2971 666 3050 gravioribus,
681 2990 717 3031 ac
727 2970 815 3051 plene
826 2971 964 3031 censoriis
977 2971 1072 3032 verbio
1081 2972 1111 3031 id
1123 2992 1215 3051 genus
1225 2972 1366 3046 homines,

370 3068 461 3128 veluti
470 3069 574 3145 jaculis
589 3070 770 3130 coniecisset.
806 3068 876 3127 Hoc
890 3087 1015 3149 namque
1029 3068 1111 3127 multi
1125 3069 1288 3130 domestico
1302 3090 1366 3149 pro·

370 3166 426 3225 bro
440 3166 522 3245 quasi
535 3166 654 3245 flagello
666 3167 793 3246 quodam
807 3166 915 3237 vexati,
930 3185 996 3225 cum
1015 3186 1112 3227 mores
1126 3168 1290 3246 prseteritos
1303 3187 1366 3227 mu·

370 3272 443 3335 tare,
457 3273 520 3323 turn
533 3265 580 3323 vel
594 3282 658 3324 esse
671 3263 759 3343 frugi,
773 3263 820 3324 vel
838 3263 941 3323 saltem
952 3283 1094 3343 apparere
1109 3265 1306 3343 cogebantur:
1326 3282 1365 3323 ne

370 3360 466 3419 denuo
478 3380 545 3420 sese
565 3360 642 3421 mele
662 3372 808 3440 gerentes,
831 3360 908 3421 male
928 3360 1089 3421 identidem
1110 3361 1261 3421 audirent:
1282 3362 1366 3439 cujus

369 3456 412 3516 rei
425 3476 561 3519 numeros
575 3478 676 3519 omnes
692 3460 830 3519 Cratinus
843 3458 949 3518 dicitur
956 3458 1137 3537 implevisse:
1158 3458 1264 3537 quippe
1279 3469 1366 3519 caste-

368 3552 408 3611 rie
421 3554 590 3613 austeritate
604 3567 753 3633 praestans,
765 3555 951 3615 acerbissima
956 3558 1057 3635 jurgia
1065 3556 1231 3636 procaciter
1244 3576 1366 3635 exspue-

369 3650 430 3707 bat.
472 3650 540 3707 Hac
555 3650 642 3709 etiam
656 3650 686 3707 in
701 3663 783 3730 parta
798 3653 890 3711 honus
904 3652 952 3712 ille
965 3654 1177 3733 Aristophanes
1188 3674 1247 3715 non
1260 3654 1366 3713 dormi·

370 3744 450 3803 tavit.
493 3745 564 3819 Ejus
578 3745 655 3803 enim
676 3746 782 3826 Vespae
803 3748 911 3819 fabula,
928 3760 1072 3827 quotquot
1091 3763 1155 3811 erat
1167 3753 1364 3832 sycophantas,

370 3860 445 3921 quos
459 3840 578 3919 quidem
593 3840 653 3919 ipse
667 3854 752 3903 vocat
766 3845 915 3916 ἠπιάλους,
932 3846 1003 3906 fecit
1026 3849 1062 3907 ab
1083 3848 1200 3927 incepto
1213 3849 1364 3923 desistere,

369 3954 428 4016 quo
442 3936 517 3997 inter
539 3947 644 3997 coetera
666 3938 795 3999 facinore
817 3951 928 4000 tantum
946 3944 1064 4022 placuit,
1086 3957 1119 4004 ut
1133 3945 1277 4024 oleagina,
1298 3967 1364 4024 quae

368 4052 423 4111 per
435 4043 482 4091 est
494 4053 591 4093 aureae
610 4054 737 4107 coronae,
758 4037 923 4098 donaretur.
965 4040 1084 4101 Deinde
1102 4041 1253 4102 labefactis
1267 4041 1364 4121 populi

368 4128 487 4199 viribus,
499 4150 587 4208 quum
601 4132 714 4192 scilicet
727 4133 878 4212 imperium
892 4137 931 4195 ad
944 4156 1056 4215 paucos
1069 4140 1187 4198 omnino
1201 4139 1363 4210 recidisset,

369 4226 451 4285 nulla
464 4227 557 4306 poetis
575 4229 696 4308 amplius
716 4228 807 4290 libere
828 4231 967 4310 loquendi
989 4234 1114 4301 facultas
1136 4235 1363 4306 concedebatur,

369 4322 423 4381 sed
437 4341 545 4399 poenas
559 4322 628 4383 dare
641 4326 853 4403 potentioribus
867 4348 987 4390 necesse
1005 4343 1076 4402 erat,
1091 4332 1116 4391 si
1131 4332 1197 4411 quis
1214 4332 1261 4391 vel
1280 4332 1362 4390 mini·

368 4436 447 4475 mum
462 4430 539 4478 esset
553 4420 738 4499 obloquutus.
780 4422 864 4481 Idem
886 4427 963 4486 enim
981 4428 1202 4507 Aristophanes,
1224 4427 1362 4507 quemad·

367 4514 486 4574 modum
500 4515 530 4573 in
545 4517 779 4580 Acharnensibus
792 4521 892 4581 fabula
909 4523 947 4583 de
960 4544 992 4584 se
1006 4524 1067 4603 ipse
1081 4525 1220 4596 meminit,
1236 4524 1363 4605 quinque

274 4670 276 4676 .
368 4613 546 4673 talentorum
569 4614 689 4675 multam
710 4636 866 4696 perpessus
887 4631 941 4692 eat,
963 4631 1118 4700 propterea
1141 4621 1221 4700 quod
1244 4621 1362 4681 Cleonis

368 4712 518 4788 eujusdam
532 4731 570 4773 ex
584 4714 795 4788 Atheniensum
809 4715 995 4797 optimatibus
1010 4717 1212 4801 impotentiam
1229 4726 1366 4799 etpecu,
