3242 5559
362 761 420 822 lviii
595 762 804 825 PETITUS
834 762 900 826 DE
930 763 1125 825 ORDINE

364 942 456 1020 Cujus
468 943 652 1004 incredibiles
666 944 789 1024 lepores,
802 956 836 1003 ut
849 946 995 1024 Joeephue
1010 945 1142 1023 Scaliger
1151 941 1267 1003 dicebat
1277 941 1359 1015 olim,

362 1038 413 1098 vix
428 1041 602 1104 centesimus
613 1042 791 1101 eruditorum
805 1042 926 1121 quisque
937 1042 1027 1103 videt.
1068 1040 1117 1100 Ne
1131 1060 1197 1100 curn
1207 1039 1257 1098 illo
1270 1038 1357 1098 timul

361 1146 393 1195 et
406 1136 566 1209 Afranium,
587 1138 737 1218 antiquum
758 1139 912 1209 comicum,
930 1140 1136 1208 condemnent,
1151 1142 1234 1213 cujus
1247 1134 1359 1195 verieei·

362 1251 440 1293 mum
454 1244 543 1313 etque
556 1234 722 1295 absolutum
732 1246 817 1296 extet
824 1236 987 1311 judiciumr

479 1390 482 1396 '
588 1388 698 1436 'l'erentio
708 1404 752 1435 uon
765 1388 864 1437 rimilem
875 1387 939 1436 dicer
950 1387 1088 1449 quempian.

363 1528 458 1589 Nobis
478 1530 585 1590 eruditi
606 1529 768 1609 ignoscent,
789 1528 869 1607 quod
887 1528 952 1587 hec
971 1527 1075 1597 unius,
1095 1527 1120 1588 ri
1138 1525 1270 1605 cogitent
1281 1543 1358 1604 prte-

361 1626 471 1696 oertim,
493 1646 596 1687 munus
616 1626 677 1685 veri
702 1625 795 1687 critici
820 1644 885 1685 esee
906 1644 942 1683 ec
966 1622 1105 1691 centorio,
1129 1642 1190 1681 nou
1214 1620 1358 1681 literulem

362 1722 467 1797 ejicere
481 1722 559 1795 alibi,
580 1734 631 1783 aut
650 1723 835 1783 innocentem
857 1720 998 1800 syllabam
1018 1721 1168 1790 detonare,
1187 1736 1286 1778 vocem
1305 1716 1359 1775 toi-

360 1818 422 1878 lere
440 1820 508 1880 elibi
527 1831 578 1880 eut
599 1821 765 1891 emendare,
785 1819 840 1879 sed
859 1818 971 1878 sincere
989 1816 1026 1877 de
1040 1814 1206 1877 auctoribus
1219 1834 1256 1874 ec
1269 1814 1359 1873 rebus

359 1914 512 1993 judicare:
532 1916 611 1995 quod
631 1927 663 1975 et
681 1915 780 1974 eolidae
795 1926 826 1975 et
845 1914 986 1973 absolute
1000 1914 1168 1973 eruditionis
1183 1924 1237 1972 ert.
1278 1914 1358 1982 Quo,

362 2010 393 2071 ni
405 2010 501 2082 fallor,
517 2030 616 2071 omnes
631 2012 798 2091 aspiramus.
842 2010 948 2091 Neque
963 2012 1022 2071 ullu
1035 2012 1065 2070 in
1082 2030 1114 2070 re
1129 2010 1220 2089 mugit
1234 2010 1359 2087 untiqui-

361 2118 407 2167 tus
421 2108 534 2187 prreivit
544 2109 635 2169 nobis.
678 2109 726 2168 De
741 2108 907 2169 auctoribus
920 2121 1016 2169 eutem
1032 2109 1161 2179 cornicis,
1178 2120 1243 2167 uter
1257 2106 1360 2165 melino

358 2204 494 2279 judicare
507 2206 653 2285 potuerit3
673 2205 736 2265 isne
749 2205 799 2284 qui
818 2214 906 2265 aetete
923 2202 976 2262 illa
994 2201 1074 2272 vixit,
1091 2220 1149 2280 qun
1162 2200 1200 2259 ud
1213 2217 1359 2259 summum

362 2299 486 2360 culmem
499 2302 597 2380 poesis
612 2302 751 2381 pervenit,
767 2302 816 2381 qui
833 2312 924 2381 poeta
935 2320 1074 2369 summus,
1089 2318 1218 2357 summus
1228 2295 1358 2366 criticus,

362 2397 542 2459 familiariter
553 2420 618 2459 eum
631 2401 747 2460 Cernere
760 2400 895 2477 Augusto
909 2417 945 2457 cc
959 2396 1128 2456 Mecennte
1146 2394 1229 2465 vixit,
1243 2412 1357 2453 eorum-

364 2516 422 2577 que
443 2508 532 2576 atque
556 2496 677 2557 eliorum
698 2496 827 2576 quotidie
850 2496 888 2553 de
908 2493 953 2552 hir
973 2492 1085 2569 judicie
1106 2490 1237 2559 audivit:
1257 2510 1295 2551 en
1308 2489 1358 2569 qui

363 2592 452 2654 hodie
461 2594 564 2655 herum
578 2612 675 2653 rerum
688 2594 775 2673 plene
790 2590 917 2672 imperiti
925 2589 1076 2665 judicunt;
1095 2588 1151 2669 ipsi
1164 2587 1299 2648 viderint.

736 3000 990 3063 PETITUS.

585 3182 635 3222 Μ
661 3180 812 3224 onom
839 3179 1134 3224 contemnunt.

678 3324 786 3390 PUB.
808 3322 1056 3388 TERENTII.

404 3481 511 3542 Omnia
533 3502 591 3542 non
611 3495 679 3543 sunt
698 3484 785 3563 plane
806 3495 894 3562 atque
914 3484 1034 3563 liquido„
1085 3483 1209 3543 Primum
1229 3482 1357 3543 omnium

363 3598 526 3640 euoluere
552 3599 627 3650 erse,
649 3579 739 3657 liquet
763 3600 799 3640 ex
825 3581 946 3652 Donato,
966 3580 1135 3659 prefatione
1155 3580 1185 3639 in
1207 3580 1357 3643 Andrium.

365 3678 433 3735 Huc
451 3678 539 3751 primo
559 3694 621 3735 ocra
635 3686 675 3734 ert
690 3676 775 3734 Ludit
789 3678 1003 3756 Megalensibus,
1018 3682 1071 3736 dic.
1112 3677 1256 3738 Suetonius
1272 3680 1359 3739 Trou·

363 3774 460 3849 quillus
474 3772 502 3829 in
516 3772 576 3831 vite
587 3772 734 3833 Terentii:
754 3772 871 3851 Scripsit
881 3776 1084 3847 conciliasset,
1098 3797 1130 3833 er
1140 3778 1234 3854 quillus
1243 3778 1359 3853 primurn

363 3868 505 3942 Andrium,
516 3890 576 3928 curn
590 3870 723 3930 AEdr‘libur
737 3874 823 3931 duret.
865 3872 954 3939 Quod
972 3881 1003 3931 et
1016 3881 1159 3932 testentur
1172 3872 1202 3931 hi
1215 3890 1315 3933 verene
1327 3873 1359 3931 in

362 3967 475 4026 Andrioe
482 3969 598 4047 prologo
609 3990 618 4026 :

554 4128 649 4184 Favete,
659 4127 737 4175 edente
748 4142 815 4189 equo
825 4125 909 4183 euimo,
919 4132 944 4172 et
953 4141 1002 4173 ιοιιι
1012 4126 1147 4188 oognoreite

555 4206 588 4254 Ut
597 4207 748 4269 pernomtie,
757 4206 841 4269 ecquid
854 4207 904 4268 spei
915 4207 946 4255 rit
955 4208 1068 4271 reliquunt
1078 4224 1084 4254 ι

555 4287 658 4336 Posthac
670 4305 726 4349 quur
737 4288 804 4335 reciet
815 4288 845 4334 de
856 4287 945 4351 integro
957 4290 1091 4345 concedite,

555 4372 700 4433 Speoltndoe,
710 4386 738 4418 tn
750 4368 871 4431 exigendo
883 4369 929 4418 rint
937 4371 1004 4418 robis
1012 4371 1083 4434 priuo-

360 4508 477 4569 Editem
491 4520 636 4570 testentur
649 4530 715 4569 cum
731 4509 918 4581 Didascuiae,
938 4521 1001 4571 tum
1024 4477 1189 4583 Suetonius,
1212 4511 1259 4575 M.
1276 4512 1358 4571 Mer·

350 4605 447 4679 cello,
477 4606 533 4673 Cn.
560 4606 685 4689 Sulpitio
711 4606 794 4668 Cosr.
817 4606 875 4670 hoc
900 4619 956 4685 eit,
980 4630 1057 4673 euno
1080 4612 1118 4675 ab
1143 4612 1215 4675 urbe
1239 4610 1358 4675 condite

361 4720 551 4767 numum.
