3242 5559
481 742 544 819 nb
571 744 716 835 rano.
743 742 803 819 nn
830 755 1027 821 commo.
1200 762 1261 821 xxv

268 937 319 1009 lu,
326 938 611 1019 pagoqetcdmpitas
621 940 1011 1001 festumcarmensoienniter
1019 940 1182 1002 cantarent:
1197 934 1262 1003 oria

268 1044 313 1098 est
326 1034 467 1098 comoedia
479 1038 534 1097 dud
550 1048 605 1097 νῦν
619 1049 715 1119 sopor
735 1042 781 1097 rui
802 1052 852 1111 cqc
870 1038 942 1111 ὖδῆς
964 1038 1120 1119 composito
1133 1038 1261 1113 nomine,

227 1211 232 1219 =
267 1132 313 1195 sel
326 1134 383 1193 ἀπὸ
396 1144 446 1193 rob
460 1133 594 1214 κωμάζειν
603 1138 649 1193 καὶ
659 1132 747 1212 ᾅδειν,
762 1135 843 1215 quod
855 1144 908 1208 est,
923 1145 1116 1197 comessatum
1129 1135 1173 1195 ire
1191 1154 1263 1196 can·

267 1233 373 1291 tentes.
385 1230 465 1311 quod
478 1248 497 1289 a
509 1230 605 1310 poetis
617 1228 729 1291 solenni
744 1226 803 1305 die',
821 1230 868 1292 'vel
887 1231 1028 1294 amatorie
1046 1231 1262 1294 lascivientibus

267 1326 364 1390 choris
375 1326 492 1388 comicis
503 1346 561 1386 non
574 1326 731 1388 absurdum
745 1338 799 1389 est.
838 1328 946 1410 Itaque
956 1336 990 1390 ut
999 1347 1105 1402 rerum,
1119 1329 1162 1390 ita
1175 1330 1263 1391 etiam

267 1428 431 1503 temporum
444 1422 571 1503 ipsorum
586 1432 683 1503 coepto
697 1420 798 1487 ordine
811 1428 957 1508 usgoedia
966 1426 1060 1507 primo
1070 1418 1185 1509 prolata
1197 1428 1263 1488 esse

267 1518 462 1600 cognoscitur.
503 1517 581 1579 Nam
594 1521 626 1579 ut
644 1518 681 1580 ab
699 1520 815 1583 incultis
833 1534 865 1583 et
884 1521 954 1584 ieris
974 1510 1102 1584 moribus
1121 1520 1263 1603 paulatim

267 1625 439 1698 perventum
453 1626 500 1677 est
513 1614 552 1676 ed
562 1613 826 1693 mansuetudibem,
838 1620 985 1701 urbesque
998 1630 1065 1680 sunt
1081 1619 1217 1692 conditos,
1232 1629 1264 1681 et

268 1713 327 1773 vita
336 1712 432 1772 mitior
445 1717 532 1793 atque
546 1708 666 1773 otiosidr
679 1716 840 1793 processitz
860 1715 961 1777 iteres
970 1716 1089 1796 tragica
1097 1716 1186 1796 longe
1194 1725 1264 1778 ante

269 1810 395 1871 comicus
415 1803 551 1871 inventus.
592 1810 732 1876 Quamvis
752 1810 851 1873 autem
870 1820 951 1873 retro
970 1812 1068 1893 prisca
1079 1811 1265 1875 voluentibns

269 1907 429 1987 reperiatur
450 1894 576 1985 Thespis
596 1906 747 1986 tragoedioe
767 1906 876 1988 primns
895 1908 1046 1969 inventor:
1068 1918 1099 1971 et
1113 1908 1265 1969 comoedias

269 2001 374 2065 tetsr'is
388 2014 474 2084 pater
487 2002 610 2084 Eupolis
624 2023 691 2064 cum
713 2002 845 2076 Cratino,
865 2004 1124 2086 Aristophaneque
1140 2024 1206 2067 esse
1219 2004 1265 2065 di·

270 2110 364 2163 catur.
405 2098 554 2161 Homerus
572 2104 679 2175 tamen,
701 2098 750 2183 qui
768 2100 832 2162 fere
846 2102 937 2162 omnis
949 2101 1076 2184 poeticas
1087 2101 1265 2183 largissimus

269 2198 335 2259 sons
344 2206 398 2269 est,
413 2197 501 2259 etiam
514 2190 561 2257 his
572 2198 747 2259 carminibus
757 2198 894 2280 exempla
905 2198 1040 2281 praebuit,
1051 2208 1083 2261 ct
1095 2197 1175 2261 reiut
1190 2220 1265 2281 qua·

271 2291 338 2355 dani
360 2314 480 2355 suorum
504 2314 626 2375 operum
645 2292 713 2377 lege
734 2296 932 2377 prescripsit:
960 2297 1011 2377 qui
1030 2296 1155 2357 Iliadem
1175 2297 1266 2358 instar

271 2390 429 2473 uugoedioe,
445 2390 610 2472 Odysseam
620 2392 659 2453 ad
672 2392 827 2472 imaginem
837 2391 989 2452 comoedioe
1005 2391 1111 2453 fecisse
1121 2402 1267 2453 monstra·

271 2500 329 2552 tur.
369 2488 448 2549 Nam
460 2498 529 2569 post
545 2488 621 2549 illius
635 2488 694 2549 tale
708 2494 878 2569 tantumque
897 2488 1112 2563 documentum,
1130 2490 1169 2551 ab
1182 2490 1266 2571 inge·

271 2586 437 2649 niosissimis
457 2585 649 2647 imitatoribus
663 2594 693 2646 et
707 2580 821 2665 digesta
837 2595 907 2646 sunt
924 2585 954 2645 in
967 2585 1110 2659 ordinem,
1130 2597 1162 2648 et
1174 2588 1267 2650 divisa

272 2703 317 2755 ea,
328 2704 396 2764 quus
406 2682 493 2743 etiam
507 2691 567 2741 tum
581 2690 691 2743 temere
705 2682 907 2744 scribebantur
920 2682 1162 2764 adbucimpoiita,
1177 2688 1266 2765 atque

271 2781 301 2841 in
309 2781 380 2863 ipsis
390 2778 562 2841 rudimentis
575 2778 809 2861 haudquaquam,
823 2789 857 2840 ut
869 2778 1062 2861 postesfacta
1070 2790 1147 2853 sunt,
1159 2782 1268 2843 decora

271 2886 360 2958 atque
380 2866 476 2936 iaevis.
517 2876 559 2935 At
578 2896 632 2937 nos
652 2894 697 2949 ea,
718 2884 785 2957 ques
798 2877 916 2958 proprie
930 2876 968 2937 de
981 2877 1126 2957 trngoedis
1139 2876 1268 2942 dicenda

272 2974 348 3050 suut,
360 2966 447 3035 titulo
466 2973 606 3055 propositi
621 2974 717 3054 operis
729 2975 879 3045 instantes,
893 2970 923 3031 iu
937 2970 994 3033 alis
1006 2984 1139 3053 tempora
1152 2970 1267 3035 differa-

273 3078 354 3133 mus:
376 3076 409 3132 et
422 3070 461 3131 de
470 3070 517 3131 his
527 3061 632 3129 fabulis
642 3060 704 3146 jam
717 3070 880 3151 loquamur,
893 3087 965 3148 quas
975 3066 1129 3131 Terentius
1137 3070 1268 3131 imitatus

274 3180 339 3231 est·
371 3154 532 3247 Postquam
553 3164 786 3227 demonstrandae
806 3164 925 3246 originis
947 3184 1037 3227 causa
1056 3165 1095 3228 de
1115 3167 1268 3249 utriusque

275 3262 391 3346 generis
403 3262 485 3323 initio
496 3258 638 3323 diximusz
658 3264 737 3343 quod
747 3282 870 3323 necesse
884 3271 929 3321 est
945 3266 1007 3338 jam
1020 3261 1160 3323 dicemus.

316 3354 468 3423 Comoedia
483 3360 547 3422 i'ere
566 3360 661 3431 vetus,
683 3370 715 3420 ut
732 3361 794 3440 ipsa
813 3380 929 3440 quoque
948 3357 1018 3420 ‘olim
1035 3358 1186 3438 tregoedis,
1199 3356 1270 3419 sim.

274 3452 345 3538 ples
359 3476 478 3518 carmen
493 3450 747 3537 (quemadmodum
756 3462 819 3533 jam
833 3456 972 3535 diximus)
979 3454 1052 3515 fuit:
1073 3454 1153 3543 quod
1163 3454 1270 3515 chorus

276 3554 354 3615 circa
371 3573 437 3614 aras
460 3554 606 3614 fumantes
625 3574 703 3614 nunc
725 3552 876 3634 spatiatus,
897 3572 977 3614 nunc
997 3552 1169 3625 consistens,
1189 3571 1270 3613 nunc

275 3648 428 3711 revolvens
447 3670 546 3731 gyros,
569 3670 637 3711 cum
656 3649 774 3711 tibicine
795 3651 978 3713 concinebat.
1021 3648 1082 3711 Sed
1100 3650 1194 3730 primo
1211 3669 1273 3712 uus

277 3758 401 3828 persona
421 3734 577 3807 substituta
598 3758 644 3807 est
666 3746 842 3819 cantoribus,
864 3769 929 3828 quae
954 3748 1132 3829 respondens
1153 3746 1273 3807 alteruis

280 3842 381 3913 choro,
392 3843 581 3923 locupletavit
593 3842 773 3925 variavitque
785 3865 848 3905 rem
859 3845 1008 3906 musicam.
1021 3854 1085 3904 tum
1097 3842 1200 3917 dtcrs,
1211 3854 1274 3903 tum

281 3940 376 4012 tertia,
395 3939 482 4001 etad
500 3950 676 4021 postremum
695 3952 846 4003 crescente
862 3961 991 4011 numero,
1012 3960 1065 4021 per
1079 3952 1216 4001 auctores
1230 3936 1275 3999 di·

281 4056 392 4113 veram,
412 4055 553 4116 personoe,
575 4036 671 4119 pelles,
693 4038 838 4109 cothurni,
859 4038 950 4110 socci,
974 4047 1005 4097 et
1028 4038 1128 4099 ceteri
1156 4047 1277 4097 ornatus

281 4140 369 4213 'nque
382 4132 508 4213 insignis
521 4134 703 4195 scenicorum
715 4144 845 4216 reperta:
866 4145 897 4194 et
909 4134 949 4193 ad
961 4134 1017 4193 boc
1033 4133 1190 4215 unicnique
1204 4152 1276 4195 suus
1344 4202 1347 4207 ,

282 4226 415 4290 babitans:
441 4238 473 4290 et
494 4228 533 4290 ad
553 4230 686 4292 ultimum
704 4234 754 4313 qui
775 4231 929 4311 primarum
949 4231 1083 4311 partium,
1101 4232 1152 4313 qui
1171 4251 1278 4303 secuu-

283 4324 398 4400 dsmn,
415 4326 616 4419 ettertisrnm,
630 4326 681 4409 qui
691 4339 859 4409 quartorum
869 4338 958 4408 utque
970 4328 1152 4408 quinctarum
1162 4339 1279 4391 actores

315 4549 443 4635 ilicetum
464 4574 553 4610 cumea
588 4560 688 4637 1¹!M’·
711 4560 772 4610 Dsn.
797 4559 1282 4641 mudisuocitutssst,utopbsor,spaqisff

281 4617 391 4685 Μυκη
421 4638 510 4673 cum
591 4633 651 4673 mter
672 4634 775 4674 cantura·
799 4624 912 4673 cantum
922 4625 1282 4693 commeminerroldmgr

289 4694 347 4743 tur,-
362 4684 407 4734 hi
420 4692 462 4737 τᾶν
477 4693 555 4753 uuir
567 4688 604 4739 sui
618 4692 656 4744 'ric
672 4688 724 4746 sdic
740 4706 775 4739 co·
800 4684 915 4752 ιυμόζιπ,
926 4688 971 4738 dte.
1004 4692 1034 4738 L.

331 4784 407 4831 wia.
425 4785 448 4827 1.
821 4789 843 4829 D
