3242 5559
657 766 897 827 TERENTII
928 766 1055 827 VlTA.

453 944 536 1006 ltaque
546 954 692 1008 sooaspsotu
703 947 803 995 omnium
813 944 871 996 abiit
880 945 904 992 in
915 942 1040 1001 omnm,
1056 944 1080 991 in
1090 950 1175 991 tarem
1185 941 1297 990 nldmm.

454 1027 561 1073 Mortuos
571 1025 639 1075 ostia
649 1028 790 1091 Stymphala,
806 1027 913 1075 Arcadia
924 1027 1024 1091 oppido:
1040 1025 1100 1074 nitu
1109 1024 1204 1073 l’ablina

438 1138 442 1147 .
454 1106 636 1169 Scipioprollrit,
652 1107 708 1155 nihil
719 1108 742 1155 ei
754 1107 850 1163 latins.
864 1106 921 1155 nibil
930 1106 1014 1155 Furios
1021 1123 1030 1167 3

453 1188 510 1235 'lias
520 1186 633 1249 peridem
645 1194 735 1249 tempas
746 1188 785 1249 qni
793 1188 912 1249 agitabant
918 1188 1006 1234 nobiles
1017 1186 1132 1233 facillime.

453 1266 539 1315 Eorum
549 1269 589 1317 illc
600 1283 671 1329 opera
681 1283 710 1316 ne
721 1268 815 1315 domuum
825 1270 919 1328 quidem
928 1269 1008 1317 lusboit
1017 1267 1195 1315 conductitiam:

453 1348 538 1397 Sallen
549 1356 576 1397 nl
585 1358 655 1406 osam,
671 1366 717 1413 qno
727 1349 822 1397 ralemot
832 1348 924 1400 obitum
933 1348 1022 1396 domini
1032 1348 1145 1396 servulos.

359 1545 478 1626 Scripsit
498 1549 654 1609 comoedias
684 1568 754 1609 sex:
784 1568 824 1608 ex
845 1548 951 1627 quibus
972 1547 1094 1627 primam
1112 1546 1256 1619 Andriam
1280 1566 1349 1607 curn

355 1642 487 1703 oedilibus
501 1644 594 1716 daret,
611 1650 708 1721 jussus
729 1655 797 1705 ante
822 1644 931 1706 ‘Coerio
949 1643 1084 1704 recitare.
1126 1643 1173 1703 Ad
1185 1653 1349 1706 coeuantem

355 1757 421 1798 cum
439 1740 575 1812 uenisset,
590 1740 686 1803 dictus
705 1752 759 1813 est,
776 1741 889 1801 initium
904 1738 1022 1820 quidem
1043 1738 1160 1811 fabulae,
1182 1740 1263 1819 quod
1286 1752 1350 1801 erat

355 1837 545 1897 contemtione
557 1838 672 1909 vestitu,
694 1836 831 1897 subsellio
836 1842 921 1913 juxta
934 1834 1070 1895 lectulum
1079 1836 1211 1896 residens
1222 1836 1349 1916 legisse:

332 1944 422 2011 ..post
444 1952 553 2013 paucos
565 1952 636 1993 vero
649 1952 750 1993 versus
768 1933 916 2004 invitatus,
945 1943 978 1991 nt
1000 1932 1198 2005 accumberet,
1217 1949 1350 1993 coenasse

354 2047 431 2097 noar
450 2028 559 2089 deinde
577 2040 685 2090 cetera
700 2029 886 2108 percurrisse,
907 2028 1042 2089 nonsine
1062 2048 1169 2109 magna
1191 2029 1276 2091 Caerii
1296 2029 1349 2090 ad·

354 2124 515 2185 miratione.
557 2124 598 2185 Et
618 2126 695 2187 hanc
715 2138 823 2197 autem,
848 2137 880 2186 et
902 2124 1031 2206 quinque
1055 2126 1182 2207 reliquas
1200 2125 1350 2205 aequaliter

352 2221 463 2301 populo
473 2221 622 2302 probarit3
641 2222 770 2302 quamvis
783 2222 934 2283 Volcatius
947 2222 986 2283 de
997 2224 1212 2283 enumeratione
1221 2224 1350 2284 omnium

353 2318 395 2379 lta
408 2318 525 2393 soeibat,
546 2319 675 2380 Sumetur
685 2321 796 2397 Hecyra
806 2327 885 2379 secto
897 2340 929 2377 es
939 2319 1095 2401 litfcdula

396 2416 556 2477 Eunuchus
577 2417 694 2498 quidem
717 2416 762 2477 bis
785 2416 834 2477 die
857 2426 924 2476 acta
945 2428 1007 2487 est3
1026 2418 1192 2499 meruitque
1214 2419 1350 2498 pretium,

350 2524 490 2593 quantum
502 2515 583 2575 nulla
595 2526 683 2575 antea
695 2516 867 2595 cujusquam
881 2515 1035 2588 comedis,
1055 2516 1088 2575 id
1101 2527 1157 2589 est,
1179 2525 1248 2576 octo
1261 2515 1352 2575 millia

352 2632 524 2683 nummum
557 2622 711 2690 propterea
735 2630 851 2672 summa
881 2631 1001 2691 quoque
1039 2612 1133 2672 ⁷titulo
1166 2612 1349 2673 adscribitur.

353 2707 431 2767 Nam
451 2706 651 2787 Adelphorum
664 2708 837 2788 principium
850 2706 944 2767 Varro
963 2706 1050 2767 ctiam
1068 2708 1189 2787 praefert
1206 2709 1352 2789 principio

353 2805 522 2865 Menandri.
568 2803 638 2864 Non
659 2804 783 2865 obscura
802 2803 881 2866 fama
901 2815 957 2876 est,
978 2803 1109 2882 adjutum
1130 2804 1301 2866 Terentium
1319 2806 1351 2865 in

341 2902 470 2982 scriptis
491 2922 510 2963 a
530 2901 624 2963 Lalio
652 2915 683 2963 et
703 2902 848 2981 Scipione,
870 2902 1044 2982 quibuscum
1067 2902 1246 2963 familiariter
1267 2902 1350 2963 vixit.

274 3054 276 3062 .
354 2997 489 3059 Eandem
508 2998 569 3077 ipse
588 2999 677 3059 auxit.
719 2998 877 3078 Nunquam
898 3000 984 3073 enim,
1005 2999 1058 3059 uisi
1081 2999 1193 3073 leviter,
1213 3020 1247 3061 se
1265 3000 1351 3061 utari

356 3106 486 3171 conatur,
507 3107 540 3157 ut
552 3095 582 3155 in
595 3096 719 3175 prologo
734 3094 956 3176 Adelphorum:
1239 3101 1241 3104 ’

515 3303 574 3353 Nam
583 3306 645 3366 quod
656 3304 695 3353 isti
706 3305 786 3353 dicant
796 3304 912 3362 malevoli,
927 3306 1032 3353 bonrum
1043 3306 1134 3354 nobiles

514 3384 584 3433 liano
596 3386 708 3447 adjutare,
724 3385 865 3448 assiduaque
876 3400 923 3433 uua
933 3387 1033 3434 roribus
1043 3403 1050 3433 r

514 3467 584 3525 Quod
591 3465 627 3514 illi
638 3466 785 3515 maledictam
794 3468 918 3517 vehemens
928 3469 1069 3526 existimant,

516 3546 574 3593 lim
583 3545 675 3593 lenden
684 3545 722 3593 liic
729 3546 795 3594 ducit
805 3548 927 3598 maxim
936 3567 942 3597 ι
958 3565 1012 3598 curn
1021 3549 1068 3597 illis
1078 3550 1162 3612 planat,

402 3626 407 3634 '
492 3672 496 3681 ,
514 3625 561 3685 Qui
571 3625 639 3671 rubis
650 3624 774 3681 univorsis,
789 3634 815 3674 at
826 3630 913 3689 populo
923 3629 1028 3689 planant:

516 3707 620 3767 Quorum
632 3720 702 3766 opera
712 3704 737 3753 in
749 3706 819 3763 bello,
834 3708 860 3754 in
868 3710 925 3766 otio,
940 3710 964 3757 in
974 3710 1078 3773 nogotio,

491 3776 495 3787 ⁸
513 3787 562 3834 Suo
573 3787 670 3849 quisque
681 3794 784 3850 umporo
795 3805 850 3837 osus
860 3797 897 3837 ast
908 3790 1086 3852 amenopolis

393 3962 520 4026 Videtur
534 3972 632 4025 autem
651 3984 684 4025 se
704 3965 796 4027 levius
811 3965 985 4039 defendisse,
1007 3967 1076 4047 quia
1088 3969 1199 4029 sciebat
1212 3967 1305 4028 Loelio
1319 3980 1350 4029 et

355 4061 483 4146 Scipioni
495 4079 554 4123 noo
569 4060 712 4141 ingratam
723 4081 788 4121 essa
801 4063 877 4123 hanc
890 4064 1074 4144 opinionem
1094 4085 1161 4147 quae
1174 4078 1347 4128 tamen-ma·

352 4159 397 4238 gis
407 4170 438 4219 et
450 4178 542 4239 usque
555 4158 595 4218 ad
607 4158 769 4238 posteriora
782 4170 915 4240 tempora
926 4161 1025 4222 valuit.

392 4258 432 4325 Q.
446 4254 605 4319 Memmius
618 4252 649 4314 in
663 4255 793 4316 oratione
807 4276 862 4337 pro
875 4277 907 4316 se
921 4258 982 4317 aitr
1007 4259 1072 4319 Pub.
1088 4258 1250 4339 Africanus,
1268 4263 1316 4340 qui
1331 4282 1350 4321 u

354 4353 480 4413 Tereum
492 4371 634 4431 personum
646 4363 796 4427 muamus,
810 4374 869 4433 quo
880 4356 951 4416 domi
965 4358 1066 4416 lutera
1078 4358 1145 4436 ipse,
1160 4359 1265 4419 msam
1276 4359 1351 4418 illisa

384 4552 399 4597 ⁶
415 4546 595 4595 Westsrisorins
604 4555 668 4595 rosto
682 4548 757 4597 edidit
768 4547 836 4597 Cori-
893 4551 910 4595 7
927 4548 1024 4605 Titulus,
1040 4551 1063 4598 ls.
1078 4551 1094 4600 l.
1110 4550 1268 4601 uuarui-
1278 4550 1351 4613 sipi·

351 4610 671 4681 limtpnlopostllaeoils'i.
689 4612 716 4659 Ζ.
859 4614 921 4728 εἴ,
938 4616 1351 4728 Βξδιξομίὴῶοεᾶιωῶ
