3242 5559
308 746 313 755 '
386 773 486 839 insu
712 771 776 834 nn
804 768 1049 833 renarro.

383 955 598 1016 contendebant
611 953 641 1013 in
655 952 819 1035 gymnasia
841 952 949 1012 Holtici
961 971 980 1011 a
992 934 1105 1011 Graecis
1123 946 1304 1022 dicebantur,
1324 948 1374 1029 qni

383 1063 481 1112 autem
496 1054 634 1125 Holmste,
652 1051 741 1110 idest
758 1050 832 1110 saltu
846 1049 1006 1119 certabant,
1021 1048 1098 1126 apud
1111 1045 1244 1124 antiquos
1250 1046 1373 1105 uteban-

381 1157 430 1205 tur
442 1148 620 1207 Halteribss:
635 1147 679 1207 sic
692 1146 769 1207 enim
779 1148 922 1206 coemant
931 1145 1082 1225 plumbens
1092 1142 1175 1221 pilas,
1188 1142 1372 1215 massulasve,

379 1242 485 1322 quibus
499 1253 621 1322 utraque
631 1262 717 1302 manu
728 1262 760 1303 se
770 1242 925 1319 librabant,
939 1252 972 1300 ut
986 1240 1093 1301 certius
1106 1236 1257 1298 assilirent.
1278 1237 1373 1296 Chiro·

378 1340 590 1420 somisqncque
601 1350 662 1400 eret
675 1339 789 1400 saltatio
799 1338 1008 1419 gesticulatrix,
1017 1334 1109 1417 qualis
1119 1344 1173 1405 est,
1187 1352 1274 1413 quam
1283 1332 1372 1391 Mau·

377 1432 629 1496 ricamvo'csmust
649 1432 1054 1511 undecbironomihujusmodi
1064 1431 1284 1511 gesticulatores
1292 1426 1371 1487 dicti.

418 1530 556 1589 Circenses
569 1532 626 1590 ludi
638 1532 796 1592 certamina
809 1541 893 1591 eram
905 1529 1024 1602 currilia,
1037 1547 1104 1607 quae
1117 1526 1148 1586 in
1156 1526 1236 1586 circo
1242 1524 1371 1584 fiebant:

375 1624 424 1704 qui
437 1625 520 1686 locus
534 1638 597 1687 erat
611 1637 696 1687 ovata
711 1626 809 1707 specie
829 1635 1023 1698 constmctus,
1043 1624 1237 1700 undecunque
1254 1629 1370 1700 specta·

375 1720 449 1782 culis
471 1731 610 1783 ornatus:
631 1723 769 1801 equibus
786 1722 906 1783 mncxie
926 1732 1036 1803 patres,
1057 1719 1227 1799 equitesque
1245 1714 1370 1775 Romani

374 1828 564 1897 prospectare
577 1817 730 1878 solebant:
752 1816 914 1893 cujusmodi
926 1817 1082 1897 quemdam
1095 1813 1251 1875 Flaminius
1265 1813 1370 1873 Romae

374 1914 551 1972 construxit:
566 1912 643 1973 unde
653 1913 763 1973 cneum
773 1912 944 1974 Flaminium
952 1912 1083 1993 legimns,
1099 1923 1130 1972 et
1143 1910 1254 1971 circum
1267 1910 1369 1970 Maxi·

374 2026 464 2078 mum,
485 2028 503 2068 a
527 2006 645 2069 Cessare
670 2009 812 2069 dictatore
835 2019 1009 2082 extructum,
1030 2011 1114 2087 cnjus
1134 2006 1258 2086 vestigia
1273 2005 1369 2067 adhuc

372 2104 461 2164 bodie
481 2104 612 2164 visuntur
633 2106 746 2177 Romae,
770 2110 857 2181 juxta
879 2106 973 2166 sedem
992 2106 1034 2165 D.
1053 2104 1226 2177 Sebastiano
1246 2120 1367 2162 sacram

372 2200 440 2259 Fuit
450 2211 546 2259 autem
561 2198 742 2279 longitudine
752 2200 909 2261 stadiorum
919 2204 1016 2274 bium,
1029 2201 1182 2262 latitudine
1195 2199 1288 2270 unius,
1300 2216 1367 2257 cum

369 2295 501 2355 adificiis
511 2298 649 2374 jugerum
660 2306 833 2375 quaternum
845 2299 885 2358 ed
894 2300 995 2359 sedern
1006 2297 1198 2358 ducentorum
1211 2295 1366 2373 sexaginta

368 2390 490 2450 millium
502 2391 660 2453 hominurn.
701 2391 794 2452 Erant
813 2393 844 2452 in
860 2414 896 2454 eo
909 2404 986 2454 metu
1003 2394 1153 2474 depositoe,
1176 2393 1299 2452 duarum
1314 2400 1365 2449 aut

368 2486 460 2553 trium¹
477 2486 660 2567 pyramidum
682 2488 805 2547 sormam
828 2491 998 2551 referentes.
1053 2491 1089 2549 In
1111 2492 1176 2573 ejurs
1200 2486 1364 2547 summitate

369 2602 504 2643 carceres
519 2594 611 2656 erant,
632 2602 649 2642 e
661 2584 763 2661 quibus
771 2584 840 2662 equi
850 2584 981 2647 curribus
987 2586 1091 2663 juncti,
1102 2585 1142 2643 ad
1152 2602 1269 2642 cursum
1283 2582 1365 2642 emit·

367 2681 511 2751 tebantm,
534 2690 563 2739 et
585 2698 674 2757 quum
696 2677 734 2738 sd
755 2697 897 2737 summum
914 2679 1110 2752 devenissent,
1131 2678 1363 2749 resumebamus,

368 2774 464 2834 donec
479 2775 516 2834 ad
538 2774 664 2853 priorem
677 2783 786 2833 metam
798 2774 989 2853 pervenirent
1022 2776 1066 2835 'A'
1075 2775 1216 2848 curribus,
1232 2774 1291 2833 hoc
1309 2782 1364 2847 est,

366 2870 453 2950 bigis,
465 2870 556 2949 trigis,
567 2880 598 2930 et
611 2869 766 2949 quadrigis,
778 2869 894 2931 curtiles
902 2871 965 2931 ludi
978 2870 1057 2932 dicti.
1098 2870 1187 2933 Unde
1198 2869 1286 2930 etism
1298 2869 1362 2929 dic-

366 2977 413 3027 tos
423 2977 495 3047 puto
506 2967 593 3026 emko
603 2968 716 3037 cumks,
731 2965 810 3044 quod
820 2965 854 3025 iis
864 2968 1096 3029 administrandis
1107 2977 1203 3029 essem
1214 2965 1362 3046 praefecti:

366 3073 450 3123 erant
467 3060 546 3122 enim
565 3061 693 3121 omnium
706 3062 935 3141 prestantissimi
947 3064 1018 3125 ludi.
1058 3065 1137 3126 Nam
1148 3066 1180 3124 in
1189 3063 1225 3124 iis
1234 3082 1266 3124 se
1277 3082 1361 3125 erer-

365 3160 461 3231 cebet,
473 3170 504 3219 et
513 3158 625 3237 magnis
635 3157 760 3238 proemiis
770 3160 967 3220 contendebat
974 3160 1151 3223 nobilissima
1160 3162 1361 3220 Romanorum

361 3255 509 3332 juventus,
530 3254 682 3334 aptiorque
696 3254 734 3314 ad
746 3254 857 3315 bellum
870 3257 1058 3318 reddebatur.
1100 3258 1224 3318 liabent
1236 3255 1360 3335 primum

258 3342 261 3349 ⁴
365 3350 442 3430 apud
452 3348 587 3429 antiquos
600 3348 676 3409 inter
687 3370 771 3410 erues
782 3358 813 3411 et
821 3352 948 3425 flumina,
967 3364 1001 3413 ut
1009 3354 1047 3413 ab
1056 3364 1180 3435 unaque
1189 3362 1272 3432 parte
1282 3363 1359 3412 emet

362 3446 486 3525 ignavis
496 3465 625 3527 praesens
638 3446 811 3526 periculum.

403 3542 565 3621 Agitstorcs
582 3541 654 3601 dicti
672 3553 739 3602 sunt
757 3542 866 3621 auripoe
888 3543 919 3602 in
939 3544 1032 3605 curuli
1052 3546 1211 3609 cemmine
1231 3557 1262 3607 et
1281 3547 1358 3609 ludis

362 3636 547 3708 circensibus,
563 3656 687 3715 quorum
706 3636 848 3699 factiones
869 3651 953 3701 erant
972 3660 992 3701 a
1013 3642 1178 3703 timicarum
1191 3644 1357 3706 coloribus:

363 3744 396 3791 ut
416 3732 465 3792 aiii
481 3731 646 3792 dicerentur
660 3733 787 3807 Russati,
802 3735 912 3809 Albatr',
926 3737 1047 3809 Prasini,
1066 3737 1193 3811 Veneti3
1215 3743 1305 3821 atque'
1316 3740 1357 3800 ita

360 3827 524 3888 insistentes
538 3829 668 3890 curribus
681 3835 814 3906 juvenes,
832 3831 987 3894 velocitate
1000 3852 1147 3913 equorum,
1166 3847 1218 3895 aut
1230 3836 1355 3915 agitato·

361 3944 425 3983 rum
441 3934 503 3984 arte
516 3924 713 3986 trahebantur.

402 4020 496 4079 Erant
517 4032 548 4081 et
566 4022 720 4093 destitues,
742 4023 792 4103 qui
812 4023 887 4085 duos
904 4044 994 4104 equos
1006 4027 1116 4107 absque
1134 4027 1277 4109 ephippiis
1291 4027 1354 4107 agi·

360 4124 465 4191 tentes,
485 4136 524 4177 ax
544 4118 636 4185 altero
650 4118 679 4177 in
692 4116 815 4177 alterum
828 4121 950 4181 subinde
967 4122 1040 4182 mira
1051 4123 1223 4203 pernicitate
1237 4123 1352 4185 desilie-

359 4210 450 4272 bants
471 4213 635 4289 Ampbippos
659 4213 756 4273 Graeci
778 4227 894 4277 vocant.
934 4218 1016 4282 Hinc
1039 4221 1185 4280 desultoria
1206 4220 1303 4279 leoitm
1320 4218 1352 4278 in

358 4308 543 4388 proverbium
556 4309 647 4370 abiitz
668 4320 698 4369 et
712 4310 780 4390 aqui
790 4310 939 4373 desultorii
952 4314 1032 4386 dicti,
1046 4315 1086 4375 ad
1098 4315 1130 4375 id
1142 4324 1291 4377 certarnen
1303 4334 1351 4376 ac·

359 4404 545 4465 commodati.

375 4585 378 4591 Ι
399 4498 503 4559 cetto
524 4512 555 4561 et
579 4501 764 4577 Celetitoates,
785 4504 898 4585 equites
921 4518 1004 4567 erant
1023 4508 1056 4567 in
1078 4509 1238 4569 certamine
1257 4508 1350 4569 curuli

355 4616 416 4657 non
427 4596 503 4678 bigis
517 4608 567 4658 aut
577 4598 725 4679 quadrigis
738 4610 862 4674 utentes,
879 4602 932 4663 sed
943 4622 1019 4683 equo
1031 4624 1090 4665 uno
1103 4604 1277 4666 insidentes:
1297 4624 1349 4664 cu·

350 4694 479 4768 jusmodi
492 4706 641 4761 sedamen
654 4696 742 4761 hodie
755 4718 874 4780 quoque
887 4700 1031 4765 nonnullis
1043 4701 1074 4763 in
1087 4700 1161 4764 locis
1173 4702 1348 4765 celebratur.
