3242 5559
573 1042 983 1133 PRAEFATIO.

254 1470 329 1560 UT
342 1498 435 1557 lector
445 1494 546 1555 melius
556 1495 711 1580 intelligat,
724 1520 790 1579 quse
804 1511 972 1581 quantaque
985 1496 1113 1572 subsidia
1125 1496 1194 1561 huic
1204 1521 1288 1563 noroe

252 1601 372 1662 editioni
389 1600 521 1681 principis
538 1600 714 1661 comicorum
737 1604 925 1674 accesserint,
945 1602 975 1661 in
992 1602 1090 1664 limine
1102 1604 1232 1684 paullum
1244 1606 1287 1665 in·

251 1705 411 1767 sistendum
424 1704 557 1765 arbitror.
582 1704 709 1765 Textum
727 1706 830 1769 Zeunii
847 1706 1059 1787 religiosissime
1075 1720 1205 1781 secutus,
1223 1715 1287 1787 ejus

250 1832 369 1893 quoque
378 1809 590 1871 commentariis
597 1810 896 1892 annotationibusque,
904 1810 1055 1892 diligentia
1063 1814 1289 1893 nunquamtatis

250 1916 397 1979 laudanda
420 1916 577 1997 congestis,
596 1936 634 1977 ns
647 1918 767 1977 verbum
780 1916 900 1997 quidem
912 1916 1125 1977 detrahendum
1138 1914 1288 1997 putabam.

251 2022 409 2084 Lectorern
419 2032 518 2083 tamen
531 2022 652 2083 fortasse
663 2042 722 2082 non
731 2019 852 2101 pigebit,
861 2020 885 2081 si
898 2022 966 2081 loca
972 2022 1108 2101 quadarn
1118 2022 1287 2095 difficiliora,

251 2128 299 2188 hic
309 2127 399 2187 fusius
412 2127 568 2207 explicata,
583 2137 635 2187 aut
643 2126 861 2187 emendationes
875 2127 1030 2188 nonnullas
1042 2127 1167 2188 snorum
1181 2128 1287 2189 docto·

249 2252 314 2293 rum
327 2233 460 2293 acumine
473 2232 616 2311 sagaciter
629 2232 822 2312 excogitatos,
835 2244 904 2293 ante
920 2230 1022 2294 oculos
1034 2234 1195 2314 propositas
1204 2234 1286 2294 inve·

250 2338 337 2415 uerit.¹
378 2338 527 2419 Excerpta
539 2337 626 2417 igitur
642 2356 679 2397 ex
693 2338 868 2399 editionibus
881 2337 1078 2419 superioribus
1092 2338 1286 2398 Wcsterhovii

250 2454 282 2505 et
292 2442 432 2515 Farnabii‚
445 2452 476 2503 et
488 2442 698 2503 recentioribus
709 2440 816 2514 Biithe,
827 2441 1007 2502 Schmiederi
1018 2453 1050 2503 et
1059 2442 1191 2521 Magneti
1201 2463 1287 2523 equo

252 2547 351 2608 animo
359 2546 492 2627 accipiat.
535 2544 650 2605 Addita
661 2558 730 2607 sunt
743 2546 862 2607 Dictata
876 2543 1053 2619 Ruhnkenii,
1068 2567 1086 2606 s
1099 2548 1194 2608 Bruns
1208 2566 1285 2608 anno

252 2658 326 2720 1811
343 2652 464 2733 primurn
477 2652 614 2731 vulgata:
632 2652 670 2713 de
684 2651 788 2732 quibus
798 2653 860 2731 ipsc
874 2651 1027 2711 audiatur:

291 2758 404 2819 “inter
426 2768 561 2819 auctores
585 2756 717 2829 Latinos,
740 2776 814 2837 quos
836 2757 868 2815 in
888 2756 997 2817 scholis
1013 2758 1072 2818 suis
1091 2758 1284 2820 Ruhnkenius

248 2862 394 2935 tractarit,
416 2861 508 2942 primo
521 2862 587 2921 loco
601 2862 638 2923 ab
657 2860 870 2941 elegantissimo
883 2860 949 2921 vita
963 2860 1130 2921 Ruhnkenii
1143 2862 1286 2944 scriptore
1335 2894 1341 2903 ·

248 2966 480 3049 Wyttenbachio
493 2971 533 3043 (v.
547 2966 624 3027 vite
638 2966 674 3026 T.
694 2966 908 3027 Hcmsterhruii
921 2978 952 3027 ct
965 2966 1006 3026 D.
1021 2966 1189 3027 Ruhnkenii
1203 2968 1285 3048 Lips.

248 3072 425 3133 Mncccl.
439 3092 470 3151 p.
488 3070 568 3147 127.)
590 3069 744 3129 adducitur
758 3070 913 3131 Terentius
935 3081 966 3130 et
988 3072 1165 3132 Terentianus
1183 3074 1286 3133 sciolas

247 3198 277 3236 tc
289 3198 386 3256 magm
407 3197 465 3237 cros
480 3174 714 3255 doctrinoesructu
726 3177 860 3235 audivisse
871 3187 1006 3247 testatur,
1028 3186 1060 3235 ot
1074 3185 1130 3235 tum
1143 3178 1244 3235 denum
1256 3178 1285 3235 is

248 3284 299 3343 ioo
309 3302 408 3361 genere
420 3282 519 3339 discere
532 3280 586 3357 sibi
597 3280 742 3351 videretur,
757 3291 886 3358 quantum
896 3302 963 3342 acra
975 3282 1109 3341 distarent
1120 3284 1216 3359 arpinis
1228 3286 1283 3342 dac.

248 3389 345 3461 Quam
360 3397 459 3446 eutem
470 3384 611 3446 rationem
624 3383 655 3443 in
673 3384 728 3456 his,
742 3404 809 3464 quse
822 3404 900 3444 nunc
920 3384 1075 3464 prodeunt,
1094 3386 1286 3446 annotationi·

247 3496 303 3553 bus
316 3490 507 3553 Ruhnkeniur
521 3490 625 3562 inierit,
646 3489 725 3549 idem
745 3489 988 3570 Wyttenbachius
1009 3487 1154 3560 indicavit,
1173 3510 1202 3569 p.
1218 3494 1285 3551 126.

247 3600 296 3657 Aa
307 3600 377 3658 locor
391 3600 435 3657 oet
446 3598 562 3671 duffio-'ica
572 3598 616 3655 ocl
626 3594 805 3654 memorabiles
819 3604 969 3654 auctorum
982 3592 1136 3653 latinorum
1149 3612 1168 3653 a
1182 3592 1285 3653 Ruhn⁴

207 3740 211 3749 .
247 3702 374 3764 kenioin
389 3700 622 3783 praelectionibus
640 3678 847 3760 illustratornru
865 3700 984 3758 dictabat
998 3700 1181 3758 motiones
1195 3700 1285 3758 heva

247 3808 352 3885 quidem
364 3808 433 3877 illas,
444 3807 492 3865 sed
504 3806 576 3863 Mna
584 3804 685 3883 frugis
691 3805 794 3881 plenos.
836 3805 937 3883 Atque
950 3802 996 3863 he
1009 3804 1209 3863 annotationes
1230 3805 1284 3863 dic-

248 3914 309 3971 tata
318 3920 460 3972 vocantur
474 3910 512 3971 ab
525 3908 588 3989 ipso
601 3907 779 3968 Ruhnkenio
797 3908 836 3968 ad
855 3908 965 3968 Heaut.
980 3909 1041 3969 111.
1054 3914 1082 3969 8.
1097 3913 1147 3969 93.
1163 3910 1242 3969 Hec.
1257 3908 1284 3969 1.

245 4021 277 4077 2·
290 4020 340 4081 73.
381 4016 511 4075 Multum
537 4014 625 4094 igitur
646 4012 812 4073 differunta
831 4014 916 4084 notis,
937 4032 1008 4092 quas
1021 4012 1166 4073 auditores
1180 4032 1218 4073 ex
1233 4032 1285 4073 ore

245 4120 416 4201 professoris
430 4120 543 4180 calam0
557 4129 693 4180 currente
704 4116 841 4196 excipere
852 4118 948 4179 solent
961 4130 992 4179 et
1000 4118 1104 4197 quibus
1116 4118 1209 4177 minus
1221 4138 1284 4198 pre·

244 4226 317 4285 tium
339 4225 525 4285 statuendum
551 4236 604 4285 est.
657 4222 784 4303 Tempus
808 4222 970 4301 scriptionis
996 4222 1097 4281 incidit
1119 4222 1150 4280 in
1176 4240 1282 4281 annum

246 4329 542 4391 MDchxxva
556 4330 603 4389 vel
621 4346 680 4388 non
702 4328 794 4389 multo
815 4338 891 4408 post,
916 4338 996 4388 certe
1016 4346 1075 4387 non
1095 4325 1283 4405 superiorem.

245 4434 398 4495 Laudatur
417 4434 495 4494 eninr
516 4434 630 4495 innota
650 4433 689 4493 ad
703 4432 780 4492 Eun.
800 4431 950 4493 11.1.14.
972 4430 1176 4509 Oudendorpii
1198 4429 1286 4489 editio

246 4540 377 4621 Apuleii,
393 4561 456 4620 qua
479 4560 555 4601 anno
575 4548 735 4601 memorato
756 4537 874 4618 prodiit,
887 4546 962 4597 tcste
980 4534 1205 4615 wyttenbachio
1218 4533 1239 4595 1.
1255 4553 1283 4593 c.

244 4666 274 4724 p.
292 4644 378 4707 176.”
