3242 5559
362 782 392 845 sl
672 782 786 847 DAN.
808 776 1046 843 Hamswe

358 964 501 1039 tumeliaa,
522 964 680 1027 senoentias
690 982 853 1046 pssserm,
866 964 993 1045 ideoque
1005 962 1230 1042 inexspectata,
1243 957 1361 1043 aliaque

359 1062 392 1123 id
405 1078 499 1141 genus
522 1062 626 1145 (qualis
645 1062 766 1123 imitatio
787 1062 931 1123 dictorum
944 1060 991 1121 vel
1007 1058 1163 1130 factorum,
1184 1068 1216 1118 et
1230 1056 1361 1139 inprimis

358 1158 568 1239 improborum)
582 1158 670 1221 risum
683 1158 808 1221 maxime
819 1158 850 1217 in
862 1156 1016 1235 comoedia,
1036 1165 1266 1235 quem'veterem
1278 1154 1359 1217 dies·

357 1255 438 1329 bant
452 1256 629 1337 expressisse
642 1266 768 1319 constet.
808 1254 899 1321 Quod
908 1253 1084 1334 intelligunt,
1097 1253 1146 1332 qui
1157 1251 1276 1331 genium
1290 1252 1360 1313 ridi·

358 1352 418 1413 culi
438 1353 602 1433 intelligunt
621 1364 711 1433 atque
729 1352 870 1417 indolem.
914 1351 1008 1430 cujus
1019 1360 1153 1431 segetem
1165 1349 1359 1431 largissima

356 1450 404 1511 vel
422 1470 497 1511 unus
514 1450 721 1531 Aristophanes
742 1448 919 1531 suppeditat.
961 1447 1019 1515 Qui
1031 1466 1092 1508 non
1109 1448 1199 1507 modo
1213 1447 1357 1518 Plauorm,

356 1548 411 1609 sed
425 1567 617 1630 quoscunque
628 1548 684 1608 bac
697 1548 727 1606 in
739 1558 824 1627 parte
837 1545 993 1627 superavit,
1008 1564 1169 1625 omnesque
1182 1555 1232 1605 rot
1245 1548 1359 1621 γελοίου

356 1644 460 1705 modos
474 1664 511 1705 ee
523 1644 631 1725 figuras
644 1643 821 1727 lepidissime
839 1642 992 1725 expressit.
1033 1642 1173 1723 Denique
1185 1651 1219 1700 ut
1231 1650 1358 1714 acemm,

355 1742 411 1802 nisi
425 1742 522 1805 vinum
536 1742 574 1803 sit
590 1752 768 1824 corruptum,
782 1743 893 1801 bonurn
907 1758 1056 1821 nunquam
1070 1739 1145 1808 erit;
1165 1739 1208 1799 ita
1221 1758 1288 1819 quse
1298 1737 1358 1798 sin·
1388 1746 1400 1769 ·

356 1860 424 1901 cera
440 1848 509 1906 sunt
535 1850 566 1900 et
587 1860 667 1912 sera,
696 1840 784 1901 risum
802 1858 950 1919 nunquam
979 1837 1159 1898 excitabunt.
1211 1834 1358 1917 Apposite

356 1936 583 2015 Quinctilienus,
603 1938 652 1997 ubi
667 1934 705 1998 de
727 1936 867 1997 ridiculos
888 1938 928 1994 Et
941 1936 1047 1995 leonte
1065 1935 1150 1995 omnis
1157 1932 1237 2015 fobe
1254 1930 1358 1992 desedi

354 2035 428 2093 ratio
441 2034 470 2093 in
479 2056 510 2093 eo
522 2043 572 2105 est,
583 2044 615 2094 ot
624 2036 790 2113 aliterquom
800 2043 842 2093 est
851 2043 953 2094 rectum
963 2052 1106 2110 verrensque
1114 2032 1233 2090 dicotur.
1255 2031 1356 2097 Quare

355 2125 1358 2211 etcompositusadrisumsermo,aborstionerecta,quemsolurmlr

354 2226 485 2307 magistri
496 2236 609 2300 vocant,
619 2246 706 2308 quam
715 2226 881 2307 longissime
892 2226 979 2288 obem
989 2244 1113 2286 necesse
1127 2236 1181 2297 est,
1194 2228 1279 2304 cujus
1288 2242 1358 2304 pro·

354 2322 427 2403 price
440 2322 571 2395 virtutes,
586 2326 603 2396 ἡ
621 2325 768 2407 σαφήνεια,
782 2326 800 2394 ἡ
813 2325 954 2396 ἐπιείκεια,
967 2328 985 2396 ἡ
996 2322 1128 2396 diuidere,
1150 2320 1355 2403 perspicuitas,

354 2422 477 2499 equitas,
497 2419 666 2501 simplicitas,
687 2424 800 2494 veritos,
821 2433 978 2503 ponuntur.
1027 2423 1095 2489 Qua
1113 2420 1145 2481 in
1164 2429 1247 2500 parte
1266 2436 1356 2499 supra

354 2517 577 2581 admirationem
599 2517 727 2580 omnium
746 2518 916 2581 Menander
938 2518 1019 2600 apud
1042 2518 1176 2588 Grecos,
1199 2514 1355 2602 Terentius

355 2612 495 2675 Romanis
508 2614 797 2675 fueritnecesseest:
818 2617 868 2696 qui
878 2627 912 2675 ut
921 2616 989 2675 viris
997 2614 1177 2699 sapientibus
1188 2632 1223 2675 ac
1234 2611 1355 2673 erudiu‘a

353 2712 531 2791 voluptatem
547 2710 643 2790 potius
662 2710 808 2783 afferrent,
829 2730 917 2791 quam
936 2730 1112 2792 quacunque
1131 2709 1245 2772 ratione
1263 2708 1355 2770 risum

295 2838 300 2847 ·
353 2818 572 2889 extorquerent,
594 2806 701 2887 duplici
715 2808 904 2885 jucunditate
921 2808 1076 2869 utilitatem
1098 2806 1270 2888 (imitatione
1286 2806 1354 2866 vitae

352 2904 467 2966 scilicet
486 2903 634 2981 hume'noe,
655 2915 685 2965 et
707 2904 869 2966 inimitabili
894 2905 1009 2985 lepore)
1029 2903 1214 2965 condierunt
1264 2902 1354 2965 Metu

353 3002 429 3063 enim
444 3000 651 3063 Macedonicas
670 3001 820 3083 potentie,
845 3002 967 3063 licentia
985 3001 1121 3081 antique,
1141 3011 1176 3061 ut
1196 3001 1354 3064 observant

292 3096 295 3107 '
352 3098 456 3175 critici,
476 3099 594 3162 defecit.
637 3100 729 3179 Cujus
741 3100 842 3161 locum
850 3098 1005 3181 occupavit
1015 3118 1101 3159 nova.
1143 3098 1234 3174 Cujus
1248 3106 1280 3157 et
1292 3096 1354 3157 for·

353 3216 430 3257 mem
444 3197 573 3256 nondum
585 3196 702 3278 penitus
715 3196 822 3259 vidisse
839 3196 1009 3270 absolutam,
1030 3194 1084 3256 sed
1101 3198 1163 3273 jam
1181 3193 1353 3274 concepisse

353 3293 462 3367 animo,
485 3304 605 3374 putatur
626 3292 807 3355 Aristoteles.
849 3294 923 3373 Ejus
938 3313 1009 3355 vero
1026 3292 1145 3353 unicum
1159 3291 1351 3373 propositum,

352 3388 495 3451 humanos
507 3411 594 3453 nome
607 3402 695 3471 etque
708 3391 812 3453 imitari
825 3411 932 3453 mores.
973 3390 1268 3459 QuoetD.1·lieron.
1280 3388 1352 3470 Epi·

352 3488 428 3549 stola
441 3488 478 3549 ed
492 3488 617 3563 Furiam,
639 3490 677 3549 de
697 3488 837 3551 viduitate
851 3490 994 3551 servanda
1010 3488 1137 3569 respicit,
1156 3508 1224 3550 cum
1236 3486 1350 3567 inquit:

353 3588 417 3648 Nec
431 3588 536 3657 nurum,
552 3586 599 3645 loc
609 3586 732 3664 figulum
742 3588 853 3645 sendus
866 3587 899 3645 de
908 3588 1025 3658 eomodo,
1039 3588 1112 3664 quod
1122 3588 1179 3664 ipss
1185 3580 1351 3667 fabricatos
1416 3607 1421 3616 ·

351 3692 403 3751 est,
417 3704 477 3741 cum
490 3684 572 3742 etism
584 3682 710 3755 commus,
723 3680 878 3762 cojusfisn's
887 3691 929 3742 est
942 3684 1069 3742 Ιιιιιιιιιιιοι
1081 3704 1167 3743 mores
1179 3690 1351 3759 metatque

352 3779 508 3849 describere,
523 3779 643 3838 dcent:
664 3796 742 3840 stur
756 3797 886 3842 erasus
901 3798 942 3841 rr
954 3796 1077 3842 nissae
1093 3798 1217 3840 reione
1228 3796 1349 3841 vesus.

352 3874 455 3935 Omnis
475 3886 574 3935 eutem
596 3874 728 3950 imitatio,
748 3888 781 3938 ut
800 3887 904 3957 postea
926 3877 1059 3939 dicemus
1080 3876 1222 3958 pluribus,
1242 3887 1349 3937 natura

350 3972 447 4053 placet
457 3982 489 4032 et
501 3970 637 4035 delectet.
679 3973 749 4035 Hoc
760 3975 838 4034 enim
847 3973 995 4055 proprium
1005 3985 1051 4034 est
1064 3973 1198 4046 bominis,
1218 3984 1252 4034 ut
1263 3982 1347 4034 seete

351 4067 533 4141 Aristoteles,
555 4068 604 4149 qui
631 4079 662 4131 et
682 4077 903 4151 pippssediroroc
926 4082 982 4131 τῶν
1004 4073 1091 4143 ζώων,
1118 4072 1223 4131 merito
1246 4074 1284 4134 eb
1309 4088 1347 4129 eo

350 4152 469 4226 dicitur.'
494 4164 572 4226 'Joci
588 4186 668 4239 vero,
690 4168 714 4226 si
734 4155 871 4248 petantur
883 4160 1024 4249 undique,
1042 4168 1158 4230 molesti
1179 4158 1346 4250 ao'frigidi,

348 4270 400 4320 aut
412 4259 569 4322 theatrales
589 4262 673 4338 liunt,
693 4263 718 4324 si
737 4265 829 4325 avita
847 4265 906 4326 sint
924 4265 1028 4326 alienis
1048 4266 1099 4346 qui
1115 4276 1150 4327 ut
1161 4265 1243 4348 plebi
1259 4267 1348 4340 forte,¹

347 4357 389 4417 ite
412 4358 507 4418 doctis
529 4360 648 4439 placere
668 4381 703 4422 ee
724 4362 901 4441 sapientibus
923 4383 983 4423 non
1005 4369 1136 4445 possunt.
1177 4364 1346 4427 comantis

348 4456 425 4515 enim
437 4456 490 4515 viri
508 4476 542 4517 ac
555 4458 693 4538 sepientis
707 4460 831 4532 enimus,
850 4459 944 4519 lueri
956 4461 1028 4533 vult,
1047 4480 1107 4520 non
1127 4460 1209 4521 solvi.
1257 4462 1345 4522 Illam

346 4564 448 4614 autem
471 4555 715 4628 constitutionem,
737 4558 783 4616 καὶ
804 4561 865 4629 τὴν,
886 4566 920 4615 ut
940 4574 1007 4616 cunr
1027 4555 1135 4618 Stoicis
1158 4556 1207 4619 hic
1229 4558 1344 4641 loquar,

346 4652 378 4713 ἐν
391 4658 482 4735 παντᾷ
500 4664 549 4714 τοῦ
565 4652 652 4727 ἤθους
669 4657 768 4735 μονὴν,
789 4654 864 4715 risus
883 4654 979 4717 solvit.
1021 4657 1116 4723 Quem
1135 4656 1276 4737 praeiere
1293 4662 1348 4728 ese

347 4753 528 4835 ''l‘xfle‘lsst
541 4750 723 4836 ῧῐφίκχνσιν
735 4765 786 4828 rit
800 4752 923 4835 mesic
933 4751 1046 4835 antiqui
1059 4764 1176 4817 vocant.
1209 4752 1346 4837 ideoque
