3242 5559
302 722 405 821 ‘nnn
534 762 557 813 r
613 720 1019 833 russum-urus.

278 912 285 937 λ
309 939 487 1003 ἐἰεααᾶειιί
497 904 1235 1024 Ιίὴετὲαῑέπιοοιιοεάεὲωηιιείηὲειάοωεεὶἱοω
1247 951 1318 997 sues

308 1038 498 1119 praecipuum
519 1039 743 1107 femillrritetem
767 1043 795 1102 ei
822 1043 953 1103 donaret.
997 1042 1102 1099 Romoe
1125 1048 1226 1097 eutem
1248 1032 1319 1109 dum

309 1145 494 1206 moreretur,
521 1138 691 1198 et.videret
706 1138 878 1218 frequenter
894 1140 1036 1220 populum
1057 1136 1088 1196 in
1110 1136 1258 1200 uenum
1279 1128 1319 1189 “l

278 1302 284 1316 ἡ
310 1233 524 1311 spectaculum
539 1235 717 1307 couvenir03
738 1256 775 1297 es
794 1236 905 1297 retione
921 1246 1011 1315 utque
1024 1232 1186 1293 intentione
1198 1222 1320 1307 exertus

276 1398 282 1419 ·.
310 1339 368 1389 :est
389 1329 561 1405 comoedinm
582 1330 723 1409 scribere,
743 1344 777 1392 ut
797 1330 1142 1415 populo'recitutiouem'
1155 1325 1321 1387 iebrslsrum

320 1443 440 1485 suerum
462 1428 619 1499 conterret,
640 1428 753 1507 sibique
777 1428 846 1489 eum
870 1427 1057 1490 conciliaret:
1079 1426 1134 1487 sed
1154 1442 1244 1505 quum
1263 1442 1321 1485 coe·

321 1523 433 1603 pisseut
445 1522 554 1584 sebuloe
565 1530 628 1601 ejus
639 1523 767 1599 recitari,
781 1524 869 1604 longe
882 1525 967 1601 aliter
974 1524 1071 1585 'visum
1084 1535 1140 1596 est,
1155 1542 1243 1602 quem
1255 1527 1323 1602 ‘spe-

320 1630 423 1692 resset,
444 1619 512 1698 quia
524 1621 632 1682 multos
646 1623 766 1683 remulus
782 1634 904 1705 propter
924 1623 993 1683 hoc·
1002 1632 1105 1683 contre
1120 1619 1321 1691 se‘exeitesit,

276 1784 278 1789 k
320 1717 370 1795 qui
389 1720 452 1793 ejus
476 1715 556 1780 dicte
577 1709 845 1798 reprehendebant
884 1718 1009 1799 Scripsit
1028 1714 1322 1779 eutemnitidissimo

320 1813 388 1874 stilo
408 1832 462 1872 sex
483 1812 608 1887 subules
631 1835 670 1875 ex
690 1834 867 1896 unaqueque
882 1829 972 1874 unum
984 1806 1091 1876 libruiu
1105 1813 1322 1891 determineusr

278 1898 281 1908 '
314 1930 394 1989 :quas
408 1910 480 1969 licet
501 1910 584 1969 multi
603 1923 730 1990 negent=
737 1912 924 1991 mentiuntur,
949 1920 1025 1971 teste
1040 1908 1270 1989 Priscieno‚‘qui
1283 1906 1321 1969 de

313 2006 420 2067 'metris
441 2005 626 2085 Terentienis
650 2008 786 2088 loquitur,
811 2017 844 2067 et
860 2008 981 2087 iusuper
993 2006 1024 2065 in
1038 2006 1112 2066 lrbro
1124 2004 1323 2083 grammatice

278 2162 282 2173 ,
321 2122 400 2183 soepe
414 2102 495 2174 dicit,
511 2104 597 2181 cujus
606 2124 715 2183 genere
726 2103 809 2161 metri
823 2114 939 2161 constet
948 2102 1123 2183 exemplum,
1136 2096 1324 2182 quodponit3

320 2218 378 2261 uec
400 2216 460 2258 non
479 2199 566 2260 etism
585 2210 662 2261 teste
686 2192 827 2278 Rupbiuo
843 2197 933 2257 ineo
950 2197 1034 2270 libr03
1052 2216 1145 2279 'quem
1158 2198 1202 2258 'de
1219 2198 1322 2258 metris

319 2295 452 2377 scripsit:
466 2336 469 2349 ·
480 2295 543 2374 ipse
553 2316 672 2379 quoque
682 2294 867 2359 nibilominus
875 2294 907 2354 iu
916 2295 1044 2377 prologis
1055 2314 1089 2356 se
1098 2306 1216 2375 poetam
1225 2304 1323 2363 vocet,

315 2390 435 2453 Omnes
449 2394 567 2473 quidem
583 2398 646 2471 ejus
660 2394 726 2454 libri
738 2394 917 2475 permaximo
925 2378 1054 2469 jembico
1067 2402 1160 2454 metro
1175 2396 1320 2464 constent,

315 2488 392 2549 licet
404 2509 464 2549 non
479 2488 624 2552 uniformi.
666 2476 783 2569 Prolo'gr·
796 2509 866 2550 vcro
888 2490 1015 2551 omnium
1037 2490 1176 2551 librorum
1194 2488 1322 2549 ternario

313 2587 445 2662 jambioo
456 2588 611 2649 oemleedo
620 2588 771 2667 compositi
782 2596 859 2659 sunt,
869 2606 924 2647 sex
934 2582 1059 2666 pedibus
1071 2584 1125 2667 pro
1138 2586 1233 2647 tribus
1241 2605 1322 2647 com·

319 2682 439 2762 putetis.
480 2682 557 2743 Nem
572 2683 687 2743 diversa
703 2692 771 2743 sunt
785 2683 1022 2762 generajembici
1036 2684 1131 2743 metri.
1173 2683 1228 2745 Est
1246 2681 1323 2744 enim

320 2790 544 2851 monometrum,
568 2780 648 2861 quod
669 2788 784 2840 constat
805 2780 919 2841 duobus
937 2779 1064 2856 jembisr
1090 2793 1136 2841 est
1158 2780 1322 2851 dimetrum,

319 2876 400 2955 quod
421 2888 564 2955 quatuor:
579 2887 640 2938 ·est
658 2875 829 2951 trimetrum,
849 2878 930 2959 quod
948 2869 1020 2938 ser:
1042 2886 1089 2938 est
1107 2887 1321 2948 tetrametrum,

320 2973 400 3053 quod
413 2985 499 3033 octo:
521 2985 565 3035 est
580 2984 805 3054 pentametrum,
827 2975 880 3035 sed
897 2994 964 3035 roro
986 2968 1146 3036 invenitur:
1166 2974 1321 3055 inquibus

319 3069 376 3129 iste
390 3069 439 3129 lex
453 3071 635 3143 observetur,
645 3072 690 3132 'ut
703 3084 821 3150 semper
832 3070 891 3132 duo
899 3070 990 3149 jumbi
1009 3087 1063 3151 pro
1075 3090 1135 3131 uno
1148 3071 1226 3151 pede
1240 3091 1321 3133 com·

319 3176 467 3247 putentur,
500 3170 538 3229 ob
564 3169 744 3231 celeritatem
766 3168 914 3247 temporis,
944 3188 1032 3248 quom
1055 3180 1213 3249 occupent,
1243 3178 1321 3230 teste

321 3264 446 3329 Horatio
460 3265 490 3325 in
504 3265 579 3326 libro
588 3266 723 3347 poeticae.
757 3264 998 3335 lmimtureutem
1014 3265 1158 3338 Noevium,
1172 3265 1320 3345 Bleutum,

320 3356 458 3433 Ennium,
487 3374 602 3424 veteres
630 3361 768 3434 comicos,
795 3358 1001 3443 precipueque
1024 3352 1233 3435 Mensudrum,
1270 3362 1319 3442 qui

318 3452 408 3539 longe
421 3470 490 3521 ente
510 3460 602 3541 ipsum
623 3461 695 3521 dues
715 3457 830 3520 fabulas
849 3456 1014 3539 descripsit,
1034 3458 1064 3519 in
1084 3474 1158 3540 ques
1174 3459 1322 3521 transtulit

319 3557 454 3637 quaedem
477 3577 516 3615 ex
539 3556 688 3617 Perinthia
707 3548 793 3627 illius,
815 3572 881 3633 qure
902 3566 1066 3613 convenere
1087 3563 1148 3613 tem
1169 3553 1199 3613 in
1221 3568 1319 3625 sensu,

319 3672 407 3733 quern
421 3646 450 3712 in
465 3653 552 3713 stilo:
573 3650 740 3733 idcircoque
755 3648 883 3733 graviter
896 3649 1165 3729 reprehendebatur
1178 3652 1216 3710 eb
1229 3665 1321 3711 semu·

318 3742 364 3809 lis.
415 3750 458 3809 At
479 3758 577 3809 temen
596 3751 765 3822 notandum,
786 3749 863 3809 inter
880 3764 982 3807 omnes
1001 3741 1129 3807 comicos
1151 3747 1238 3807 istum
1260 3747 1321 3808 Te·

319 3844 445 3906 rentium
459 3839 497 3905 ab
510 3838 570 3907 lroc
582 3840 827 3927 principalitatem
839 3843 998 3923 possidere,
1013 3849 1103 3923 quum
1113 3838 1322 3924 proprietatem

318 3934 474 4001 'verborum
490 3961 552 4022 pree
571 3942 705 4003 omnibus
718 3941 901 4014 observavit,
931 3940 1011 4001 Illud
1032 3940 1119 4005 etiem
1138 3941 1320 4002 animadver-

319 4033 452 4112 tendum,
472 4039 525 4099 bes
547 4038 662 4101 subules
682 4061 740 4100 non
761 4040 798 4101 eb
819 4027 881 4119 ipso
905 4040 1044 4100 recitatos
1071 4058 1136 4099 esse
1162 4038 1193 4097 in
1216 4048 1321 4100 senatu

192 4194 196 4201 ,
320 4137 420 4215 (scens
433 4126 492 4213 Z),
512 4135 599 4197 sede
620 4131 762 4219 calliopio
776 4130 936 4220 clarissimo
951 4136 1023 4210 viro,
1042 4134 1172 4215 setisque
1194 4134 1319 4206 erudito,

247 4304 252 4311 ,
319 4233 367 4294 eui
377 4224 440 4314 ipse
453 4232 603 4314 precipue
620 4227 800 4303 adherebat,
822 4238 961 4312 cujusque
975 4252 1031 4311 ope
1044 4231 1269 4305 nutentrbrtur,
1272 4257 1275 4262 ·
1289 4241 1321 4292 et

318 4322 491 4392 auctoritate
506 4330 686 4392 audiebatur.
727 4330 901 4391 Moduletor
921 4340 1019 4389 nutem
1040 4329 1143 4389 berum
1155 4329 1320 4389 fabularum

317 4423 376 4487 fuir
387 4426 520 4507 bleonus,
540 4426 771 4536 quotiescunque
785 4426 863 4486 enim
876 4426 1082 4500 recitabantur,
1103 4437 1168 4488 eret
1184 4426 1319 4487 modulu-

318 4532 374 4597 tor,
394 4532 425 4583 et
436 4522 495 4595 ebs,
517 4522 567 4605 qui
582 4524 807 4617 gestuomporis
821 4522 941 4584 eosdem
950 4507 1220 4603 effeetusrgelieut
1262 4525 1322 4586 Co·

318 4608 429 4681 moedie
440 4620 519 4683 enim
537 4620 580 4681 its
593 4630 719 4697 constet,
741 4630 775 4681 ut
794 4640 854 4681 non
867 4640 915 4681 res
926 4631 1026 4705 gestes
1038 4639 1120 4710 more
1136 4620 1319 4682 hurorirrum

320 4728 426 4796 cerret,
445 4718 505 4785 red
517 4734 556 4782 ex
577 4710 793 4801 colloquutione
806 4737 997 4806 personarum
1015 4736 1063 4785 res
1084 4730 1170 4802 rests
1181 4707 1320 4865 compre·
