3242 5559
374 778 475 841 rma
699 778 761 839 na
790 732 1037 841 renarro.

373 942 485 1039 capax,
492 958 581 1039 idque
592 957 656 1019 lars
667 958 822 1019 vidam
831 958 951 1033 referre,
964 958 1043 1039 quod
1055 958 1084 1017 in
1098 955 1229 1021 aediliciis
1240 958 1362 1019 nobilia·

373 1047 452 1117 ribus
462 1057 540 1118 circa
551 1055 710 1117 noandum
721 1054 871 1135 pmcipue
885 1054 1133 1135 contignationem
1145 1054 1310 1135 prominere
1320 1056 1362 1117 ri·

372 1154 475 1214 demus
486 1154 525 1214 ad
537 1153 690 1225 temnas,
698 1172 838 1229 patrm
848 1150 953 1230 vulgus
966 1160 1061 1223 vocat,
1075 1161 1142 1231 post
1153 1150 1297 1232 pulpitum
1311 1170 1362 1215 ex·

370 1232 467 1309 enum
479 1250 643 1325 ridebatur.
683 1248 828 1329 Opertunr
846 1256 909 1309 erat
926 1248 1053 1309 tentorio
1066 1248 1193 1327 quodam
1205 1248 1318 1328 insigni,
1331 1260 1363 1309 et

371 1347 452 1426 qnod
463 1345 560 1426 ipsum
569 1345 765 1425 undecunque
777 1345 912 1417 ambiret,
926 1356 959 1405 ut
977 1344 1008 1404 in
1021 1364 1058 1405 eo
1071 1344 1212 1425 secretius
1226 1354 1257 1405 et
1269 1344 1362 1425 magis

369 1441 471 1502 abdite
482 1451 652 1523 spectarent
664 1440 819 1521 principes,
833 1440 884 1521 qui
900 1459 1107 1520 nonnunquam
1125 1440 1194 1501 illuc
1213 1457 1246 1503 te
1259 1440 1361 1517 conis,

369 1537 483 1597 rebant.
523 1538 602 1599 Nem
613 1557 632 1597 e
644 1537 732 1618 podio
744 1538 830 1599 ludos
843 1556 879 1597 ac
890 1534 1045 1598 comoedias
1056 1548 1203 1617 spectasse
1212 1537 1362 1599 Neronem

369 1632 471 1694 scribit
481 1633 676 1713 Tranquillus.
700 1633 824 1693 Dictum
834 1633 924 1706 aiunt,
939 1634 1019 1713 quod
1028 1632 1060 1693 in
1072 1652 1108 1694 eo
1121 1642 1298 1713 spectatores
1311 1644 1364 1695 aut

369 1728 459 1790 etiam
467 1730 601 1792 tibicines
613 1728 737 1811 pedibus
751 1728 842 1791 innixi
855 1739 960 1801 essem,
975 1749 1035 1789 non
1047 1730 1201 1791 sedereatr
1220 1732 1268 1791 rel
1281 1729 1362 1811 quod

367 1827 399 1903 in
413 1846 451 1910 eo
459 1846 668 1909 nonnunquam
680 1826 804 1909 pedibus
817 1825 1060 1907 gesticularentur
1069 1816 1225 1889 histriones
1237 1826 1269 1887 in
1281 1838 1363 1889 actu·

369 1943 421 1983 run
433 1921 670 1985 commutatione.
711 1923 854 1999 Pslpitwa
872 1921 903 1981 in
916 1941 1015 1995 scena,
1036 1922 1149 2003 (Graeci
1162 1926 1264 2001 λόγων
1275 1934 1361 1987 raca·

369 2017 464 2097 bant)
473 2020 557 2081 locus
569 2030 643 2091 erat,
656 2019 688 2079 in
700 2037 788 2099 quarn
798 2016 956 2097 prodibant
969 2028 1083 2079 actores
1097 2038 1113 2077 e
1128 2018 1233 2081 cusubs
1246 2032 1298 2081 aut
1308 2022 1361 2081 do·

369 2115 514 2177 muncrdis
524 2115 584 2176 suis
602 2114 736 2186 scefficis,
754 2115 794 2175 ad
806 2114 997 2185 recitandum,
1016 2114 1107 2175 nostri
1120 2128 1226 2177 vocant
1245 2117 1362 2199 Extra

358 2210 451 2293 fult.
490 2211 556 2272 Fuit
574 2211 759 2273 exactissime
775 2211 863 2271 situm
884 2221 952 2271 ante
972 2210 1100 2271 frontem
1118 2228 1228 2287 mene,
1246 2222 1278 2275 et
1294 2213 1361 2275 loco

368 2307 457 2387 ipsius
469 2308 578 2382 medio,
590 2307 641 2389 qui
653 2307 760 2368 theatri
772 2318 876 2369 centm
888 2307 1088 2387 responderet,
1103 2327 1219 2388 semper
1231 2308 1361 2388 ligneum

368 2404 433 2475 tuit,
442 2416 532 2485 atque
552 2403 702 2477 exemtila‚
717 2402 805 2464 etiam
818 2403 843 2463 si
856 2420 945 2463 soene
952 2404 1076 2464 structili
1084 2404 1207 2465 materie
1213 2414 1361 2465 murbac-

367 2511 399 2562 ta
410 2502 522 2564 roraat
549 2499 799 2580 Eximebaturque
809 2499 840 2559 iu
850 2500 1023 2569 athletarum
1033 2512 1065 2561 at
1074 2501 1269 2580 gladiatorum
1279 2520 1363 2583 spec-

367 2599 480 2669 taculis,
492 2617 585 2659 scens
595 2596 778 2657 nibilominus
790 2597 905 2677 integra
917 2606 1064 2657 manente.
1106 2595 1208 2658 Paullo
1221 2597 1306 2659 altius
1319 2597 1360 2657 ri·

370 2694 495 2779 debunt
507 2694 566 2753 irae
577 2712 676 2754 scena
688 2692 811 2771 portica
820 2694 851 2753 in
863 2710 923 2770 qua
935 2702 1067 2753 actorum
1081 2693 1182 2755 domos
1190 2695 1361 2757 constitutas

368 2808 434 2851 osse
453 2789 639 2850 dicebamus:
659 2788 698 2849 ad
715 2788 795 2849 idern
814 2788 918 2849 leniter
935 2789 1152 2856 adscendebant
1167 2802 1280 2852 actores
1292 2812 1360 2873 pro·

368 2884 549 2946 nunciaturi:
558 2885 650 2951 ¹baud
665 2904 750 2964 aeque
767 2884 887 2965 longum
905 2884 960 2945 fuit
973 2896 1061 2964 atque
1079 2886 1144 2966 ipsa
1155 2905 1255 2961 scena,
1269 2888 1361 2955 altura

368 2991 483 3041 tanturn
495 2990 558 3042 erat
570 2980 663 3061 pedes
677 2983 816 3060 quinque,
834 2990 866 3041 ut
878 2980 929 3059 qui
941 2982 971 3041 in
991 2982 1142 3043 orchestra
1154 2966 1302 3054 sederent,
1317 2984 1359 3045 fe·

368 3077 451 3138 cilius
463 3078 571 3158 pedum
587 3076 731 3138 motiones
748 3088 779 3137 et
795 3077 923 3157 singulos
940 3078 1089 3157 egentium
1109 3088 1211 3159 gestus
1227 3064 1360 3160 percipe·
1435 3122 1438 3129 -

367 3184 443 3235 rent.
483 3173 522 3233 ld
534 3172 660 3253 spatium
672 3173 753 3253 qnod
765 3173 900 3253 uainque
914 3194 933 3235 a
944 3176 1057 3256 pulpito
1070 3176 1110 3237 ed
1123 3188 1282 3238 extremam
1294 3193 1359 3239 we·

367 3289 435 3329 nam
454 3288 576 3329 vacuum
595 3268 822 3348 relinquebatur,
844 3270 943 3331 Greci
963 3274 1109 3333 vocabant
1124 3275 1301 3351 mosomum,
1321 3294 1359 3335 ne

366 3365 430 3444 qais
443 3364 593 3427 existimat
607 3363 699 3425 suisse
710 3384 811 3426 scente
824 3366 925 3431 latera
966 3370 1097 3430 Periocto
1109 3380 1250 3431 vocarunt
1262 3370 1360 3431 Greci

366 3461 397 3521 iu
423 3462 520 3523 scenis
542 3463 604 3524 suis
615 3472 721 3534 turres,
740 3474 792 3523 aut
808 3466 967 3539 machinas,
985 3466 1116 3547 trigonae
1134 3468 1288 3541 hebentes,
1312 3468 1360 3529 vel

366 3558 567 3638 tdmgularea
587 3556 661 3618 miro
678 3557 800 3618 aalide
819 3574 1012 3635 commotas,
1036 3564 1067 3623 iu
1085 3584 1144 3625 uno
1162 3574 1252 3644 atque
1265 3564 1359 3625 altero

366 3673 463 3714 menae
475 3654 569 3715 latere
581 3652 701 3731 positas,
714 3652 799 3713 variis
820 3658 965 3722 coloribus
986 3660 1149 3721 secundum
1166 3660 1288 3739 angulos
1303 3660 1361 3720 dis-

366 3749 484 3821 tinctas,
497 3748 667 3809 versatiles:
681 3758 713 3808 ut
722 3748 799 3809 inter
809 3756 1007 3832 spectandum,
1018 3755 1088 3817 dum
1098 3756 1184 3817 animi
1194 3758 1234 3819 ad
1243 3756 1359 3819 histrio·

366 3846 528 3924 nespaullo
540 3847 712 3921 attentiores
722 3858 829 3921 essent,
838 3851 978 3929 parrlatirn
988 3853 1216 3925 resoluereutur,
1229 3865 1260 3915 et
1270 3856 1358 3916 modo

365 3943 471 4013 rubra,
484 3941 572 4003 modo
581 3941 698 4019 arides,
709 3955 762 4004 aut
773 3945 891 4008 alterius
905 3948 1010 4009 coloris
1022 3961 1213 4028 apparerent:
1235 3969 1302 4029 qua
1311 3968 1360 4011 res

364 4056 425 4098 non
436 4058 555 4117 parram
568 4040 793 4103 oblectationem
806 4044 1004 4123 spectantibus
1013 4044 1163 4106 afferebat.
1188 4046 1258 4119 Hre,
1269 4066 1358 4127 quum

364 4134 528 4195 fabularum
540 4136 713 4197 mutationes
722 4149 805 4199 erant
815 4138 932 4212 future,
941 4160 995 4201 seu
1006 4140 1127 4203 deorum
1137 4142 1280 4203 adventus
1290 4160 1358 4203 cum

364 4230 516 4308 tonitribus
528 4232 695 4311 repentinis,
706 4225 905 4308 versabantur,
916 4239 1124 4318 mutabantque
1132 4238 1259 4318 speciem
1272 4256 1357 4298 orna·

363 4324 451 4386 tionis
459 4326 490 4385 in
502 4325 622 4387 frontes.
652 4327 700 4387 Ex
713 4328 747 4389 iis
759 4331 937 4409 projectitios
950 4332 1034 4411 ignes
1047 4334 1209 4405 vibrabant,
1220 4333 1294 4393 iniis
1304 4332 1357 4393 fin-

363 4422 473 4501 gebant
489 4424 626 4497 tonitrua,
638 4425 762 4504 pluvias,
775 4436 807 4486 et
820 4427 958 4507 quicquid
971 4429 1000 4489 in
1014 4430 1157 4509 tragoedia
1168 4430 1357 4491 admiratione

361 4518 482 4597 dignum
492 4519 562 4579 fuit:
575 4520 629 4580 sed
641 4521 698 4581 boc
706 4521 833 4581 maxime
841 4523 871 4583 in
881 4525 1041 4586 honorifico
1049 4538 1080 4586 et
1089 4538 1239 4588 sumtuose
1249 4548 1358 4589 cource-

363 4614 537 4677 diarumsut
553 4618 759 4697 trngoediarurn
769 4638 890 4699 genere.
920 4620 1087 4683 Secundum
1097 4629 1239 4703 πιρίυτα,
1250 4643 1357 4705 nempe

362 4711 401 4771 ad
414 4731 512 4788 scene
530 4714 632 4785 latera,
651 4713 754 4775 itinera
773 4725 805 4775 et
819 4734 934 4777 errare
949 4728 1153 4799 procurrentes
1170 4730 1262 4794 erant,
1282 4740 1356 4803 qus·

361 4828 427 4871 rura
439 4830 499 4872 una
514 4810 671 4890 efficiebat,
686 4821 720 4871 at
731 4820 847 4875 actores
859 4832 879 4875 s
895 4814 969 4888 ioro,
984 4816 1084 4892 dara,
1098 4829 1132 4885 ut
1147 4838 1271 4901 peregre
1283 4839 1352 4900 prs.
