3242 5559
562 712 634 777 1513·
656 717 905 781 THEATRO.
1186 724 1236 781 xci

398 998 524 1054 Amictas
536 1007 564 1055 et
578 996 703 1057 Perrosoe
716 999 888 1059 Histrionum
899 999 1070 1057 acemcorust.

281 1173 438 1235 Personati·
459 1176 602 1236 litum
628 1178 756 1255 agebant
773 1178 1071 1257 comedimusque
1091 1196 1238 1256 agnosco.

239 1270 355 1330 beatur.
384 1271 448 1331 Sed
459 1272 502 1331 ita
514 1273 683 1352 composita
694 1291 732 1333 ac
744 1274 881 1335 conflata
891 1284 974 1335 erant
987 1292 1129 1353 personae,
1142 1285 1173 1333 ut
1187 1292 1237 1335 re··

239 1366 351 1433 terrent
361 1367 392 1427 id
408 1368 602 1447 ipsum'quod
612 1388 632 1429 a
644 1369 733 1429 mimo
744 1372 904 1448 agebatur3
923 1371 1084 1449 liceretque
1097 1371 1151 1439 sub
1165 1369 1240 1449 ipsis

240 1481 340 1523 rocem
351 1465 526 1543 ejusaudire
536 1466 675 1534 liberam·
711 1467 790 1529 Nam
798 1468 880 1545 quod
892 1467 1021 1529 nonnulli
1036 1466 1146 1539 dicunt,
1162 1466 1235 1527 His·

240 1560 348 1621 triones
356 1572 467 1622 matum
475 1563 606 1641 gestibus
617 1564 791 1624 comoediam
801 1564 905 1643 egisse,
925 1552 1081 1623 nonetiam
1094 1562 1233 1642 airapro-

239 1656 355 1729 huone,
365 1658 398 1717 id
407 1658 500 1718 minus
513 1658 584 1717 mihi
594 1659 775 1739 probandum
786 1681 851 1721 esse
862 1661 985 1722 videtur.
1026 1660 1234 1721 vestiebantur

240 1774 356 1834 quoque
381 1754 537 1816 histriones
554 1776 610 1836 pro
629 1757 742 1818 mtione
759 1776 870 1831 eorum,
887 1778 962 1837 quos
982 1756 1159 1830 referebant,
1178 1757 1234 1815 hoc

240 1860 292 1923 est,
306 1851 354 1912 vel
366 1871 526 1925 servorum,
547 1852 727 1924 celsanum,
750 1854 797 1914 vel
819 1856 938 1915 alterius
959 1842 1093 1935 personae
1112 1854 1233 1915 diversis

240 1947 345 2009 modis.
382 1948 496 2009 &ailus
517 1948 636 2009 comicis
650 1950 790 2011 candidus
804 1952 919 2011 vestitus
933 1952 1067 2023 dabatur,
1082 1950 1131 2031 qui
1145 1952 1233 2014 etiam

239 2044 453 2126 antiquissimus
467 2045 558 2107 fuine
572 2057 760 2109 memoratur.
801 2050 989 2107 Adulescentes
1003 2046 1136 2107 discolori
1150 2058 1233 2109 reste

240 2142 479 2219 contegebantur.
531 2141 610 2202 Serui
633 2143 737 2204 comici
761 2142 868 2202 amictu
891 2144 1090 2204 vestiebantur
1113 2144 1232 2223 exiguo,

238 2241 416 2318 paupertatis
429 2239 557 2319 antiquae
567 2240 670 2319 gratia,
681 2239 728 2299 vel
739 2260 797 2317 quo
808 2240 972 2321 expeditius
982 2252 1113 2319 agerent.
1143 2242 1234 2301 Poro·

238 2336 286 2394 siti
298 2356 367 2396 cum
378 2335 493 2397 intortis
505 2335 601 2416 palliis
613 2336 778 2416 prodibant.
798 2338 906 2397 Milites
921 2338 1077 2419 chlamyde
1087 2358 1234 2417 purpurea

240 2434 408 2494 utebantur.
441 2434 542 2492 Puella
553 2432 670 2494 habitus
684 2444 746 2494 erat
759 2434 940 2514 peregrinus.
974 2434 1048 2494 Leno
1061 2433 1149 2514 pallio
1163 2435 1233 2492 varii

241 2530 345 2593 coloris
360 2530 548 2591 vestiebatur.
588 2531 782 2591 Meretricum
795 2532 939 2590 dabantur
956 2540 1084 2608 syrmata,
1103 2531 1160 2590 hoc
1178 2541 1232 2599 est,

238 2639 334 2689 restes
352 2648 500 2709 expansa,
516 2638 548 2687 et
567 2648 634 2707 quoe
651 2626 767 2706 longius
788 2628 998 2688 trahebantur:
1020 2640 1103 2687 erant
1116 2646 1232 2707 quoque

236 2727 409 2807 plerumque
420 2725 494 2785 lutei
510 2724 627 2797 coloris,
647 2726 686 2785 ob
706 2724 864 2785 avaritiam.
907 2724 1041 2805 Syrmata
1061 2725 1160 2797 etiam,
1179 2744 1231 2785 seu

236 2824 315 2905 pulla
332 2823 488 2903 gestabam
505 2821 640 2881 luctuosa
658 2821 849 2893 funeralibus,
868 2842 934 2901 quae
952 2821 1093 2881 incuriam
1114 2822 1158 2881 sui
1180 2842 1233 2901 per

237 2918 447 3000 negligentiam
466 2918 676 2997 significabant.
713 2918 774 2977 Sed
787 2919 812 2976 si
826 2918 943 3001 quando
957 2918 1124 2979 variandum
1138 2918 1168 2976 in
1181 2938 1232 2978 co-

237 3016 350 3075 moediis
360 3025 433 3087 erat,
447 3016 625 3093 vestitusque
639 3015 861 3075 commutandus
871 3035 925 3094 pro
935 3015 1096 3089 affectibus,
1109 3035 1181 3096 quos
1192 3036 1232 3079 ex

237 3111 389 3173 comoedise
401 3111 517 3171 actibus
541 3112 753 3190 significabant,
767 3110 842 3171 loetis
861 3114 980 3172 vestitus
994 3112 1119 3173 dabatur
1132 3114 1232 3173 candi-

236 3210 306 3269 dus:
327 3208 675 3269 oenrmnnsisubsoletus:
696 3206 777 3268 diviti
788 3228 1092 3288 quoquepurpureus:
1111 3210 1233 3289 pauperi

238 3306 409 3387 pboenicius.
439 3304 558 3384 Tragici
569 3302 755 3383 auttragoedi
768 3313 883 3363 actores
907 3303 1169 3365 calceamentorum
1179 3326 1232 3383 ge·

237 3423 307 3463 nere
316 3424 337 3463 a
346 3401 487 3463 comoedis
499 3400 659 3472 variabant,
673 3420 768 3480 eoque
782 3401 1031 3461 discernebantur.
1065 3403 1233 3461 Utebantur

239 3498 313 3559 enim
325 3498 430 3577 tragici
443 3498 471 3556 in
481 3498 598 3557 theatro
611 3498 757 3567 cottana,
767 3496 847 3575 quod
868 3496 926 3556 tale
950 3517 1044 3576 genus
1058 3508 1122 3557 erat
1136 3498 1232 3558 calce·

237 3596 354 3668 amenti,
370 3606 404 3655 ut
416 3596 521 3656 dextro
534 3596 669 3673 laevoque
687 3592 755 3673 pedi
773 3594 961 3655 conveniret:
984 3604 1123 3655 caeteruin
1141 3594 1231 3655 altum

238 3703 267 3753 et
285 3692 463 3773 prominens,
485 3706 657 3771 actoresque
678 3692 857 3769 proceriores
877 3692 1004 3754 efficiens
1022 3711 1058 3751 ac
1081 3692 1229 3751 referens:

238 3790 307 3850 rarii
320 3789 437 3863 coloris,
445 3800 476 3848 et
483 3789 639 3849 honestum
649 3798 737 3866 atque
749 3790 887 3869 elegans:
908 3808 1002 3869 usque
1013 3789 1051 3849 nd
1060 3808 1157 3848 suram
1167 3788 1232 3868 ple·

239 3908 361 3969 rumque
374 3887 552 3960 devinctum,
576 3905 657 3945 more
674 3885 796 3947 Punico.
838 3886 952 3947 Comici
970 3896 1093 3957 actores,
1113 3896 1165 3946 aut
1181 3906 1230 3946 co·

239 3986 335 4059 maedi,
353 3987 384 4046 in
402 3985 498 4047 scenis
519 3985 615 4045 soccis
636 3984 811 4043 utebantur:
832 3982 913 4062 quod
932 3982 1121 4042 calceamenti
1139 4001 1231 4061 genus

240 4084 347 4166 optime
359 4083 414 4144 sub
427 4081 516 4163 pallio
527 4079 731 4142 conveniebat.
769 4079 1023 4147 Quemadmodum
1033 4078 1109 4141 enim
1120 4097 1232 4159 paupe.

240 4201 303 4241 rum
313 4201 349 4242 ac
360 4181 536 4240 misticorum
549 4178 754 4239 emtimentum
768 4176 826 4237 fuit
844 4176 978 4251 Pallium,
992 4176 1034 4237 ita
1056 4176 1146 4237 etiam
1165 4176 1230 4237 Soc·

238 4300 285 4337 aas
296 4279 388 4339 altum
400 4276 457 4339 tuit
474 4278 708 4339 calceamentum
724 4273 840 4335 misticis
861 4273 1017 4355 proprium,
1034 4283 1156 4354 propter
1177 4273 1231 4333 im.

239 4372 847 4457 bresetlutum,atquehybernaspruinas.
866 4370 913 4433 Eo
924 4370 1114 4433 calceamenti
1121 4390 1231 4450 genere

241 4475 394 4535 utebantur
415 4485 476 4534 tam
494 4473 547 4532 viri
566 4492 654 4553 quam
668 4471 815 4532 mulieres.
856 4468 1086 4537 Quinctilianus:
1107 4470 1231 4527 coemtio

241 4573 269 4629 is
280 4574 423 4632 cothurnos
433 4593 486 4631 non
504 4572 644 4651 assurgit:
664 4591 711 4630 sec
725 4578 820 4629 contra
834 4568 966 4647 tragedia
977 4586 1055 4625 socco
1068 4566 1228 4643 ingreditur.

241 4666 396 4750 Tragoedia
409 4669 496 4743 enim,
509 4688 598 4750 quum
612 4686 701 4749 grave
719 4679 750 4729 et
765 4686 903 4747 magnum
920 4671 1135 4745 argumentum,
1149 4680 1230 4738 mag·
