3242 5559
361 735 372 795 l
413 754 421 769 ¹
675 738 785 799 DAN.
811 736 1046 797 HEINSIUS

233 998 237 1005 .
362 934 458 997 quam*
470 914 573 978 tribuit
589 916 724 981 Luu'liot
744 910 974 982 mediocritatem
994 935 1066 979 rero
1086 913 1250 989 comodis,
1270 920 1358 995 quir·

362 1013 415 1075 dat
426 1012 573 1075 Terentio.
598 1040 600 1049 ¹
615 1016 658 1077 Ut
669 1017 769 1096 siquis
780 1017 925 1078 uberrimo
938 1013 1079 1075 sermonis
1089 1032 1198 1093 genere
1208 1012 1360 1073 heroiotm

363 1108 484 1170 definis
497 1120 630 1191 poetam:
651 1123 683 1173 et
700 1114 757 1176 hoc
771 1114 881 1175 tribuat
890 1111 1020 1191 Virgilio.
1061 1110 1152 1170 Aulus
1167 1109 1293 1183 Gellius,
1309 1109 1360 1169 litu

363 1202 436 1264 vn.
452 1225 508 1287 oap
524 1212 572 1269 18.
602 1207 630 1267 V
627 1230 674 1278 cra
687 1220 777 1271 autem
791 1221 817 1271 ct
828 1209 940 1289 propris
954 1206 1264 1287 lrry'nsmodisorruamm
1277 1224 1364 1264 eros.

358 1302 418 1377 pin,
440 1302 470 1361 ia
483 1304 577 1382 lingua
591 1304 702 1379 Latina,
725 1306 770 1367 M.
788 1306 877 1367 Varro
893 1324 949 1364 csse
962 1305 1038 1377 dicit,
1053 1301 1361 1385 nimatuPacavt'am,

361 1398 532 1477 gracilitatis
553 1400 696 1475 Lucilium,
721 1402 914 1464 mediocritatis
940 1396 1104 1461 Temnum.
1158 1400 1235 1465 Quoe
1257 1408 1303 1457 est
1324 1396 1363 1457 de

364 1493 527 1568 comoediae,
540 1498 943 1575 quemadmoduminscholis
952 1495 1107 1576 loquimur,
1128 1494 1265 1555 essendo.
1286 1495 1363 1555 Cum

363 1589 487 1650 Plautus
507 1612 587 1673 sape
611 1596 734 1675 uagrco,
765 1610 974 1675 nonnunqum
996 1611 1114 1672 quoque
1140 1589 1227 1663 serio,
1257 1599 1364 1649 utatur.

363 1686 595 1768 Quamquamibi
605 1708 676 1753 sane
690 1710 797 1763 sermo,
812 1703 846 1752 ut
856 1691 953 1772 priore
963 1687 1198 1751 locoaVarrone
1211 1686 1363 1768 accipitur.

365 1782 468 1843 Sermo
482 1782 559 1845 enim
573 1794 605 1846 et
618 1786 649 1846 τὸ
662 1784 733 1858 ἦθος
747 1786 892 1862 differunt,
913 1800 947 1848 ut
959 1788 1047 1848 homo
1059 1786 1313 1867 prudentissimus,
1333 1796 1365 1846 et

362 1877 474 1940 femina
487 1899 554 1961 quas
567 1902 640 1962 pure
654 1883 781 1971 loquitur
792 1908 800 1955 ;
822 1885 915 1965 qualis
929 1885 1033 1945 dicitur
1045 1884 1250 1945 Gracchorum
1261 1892 1365 1943 mater.

364 1975 610 2057 Unumquernque
630 1980 708 2066 enim
728 1990 811 2041 recte
834 1980 1009 2062 exprimere,
1028 1991 1059 2041 et
1080 1982 1237 2041 humanam
1255 1979 1365 2061 optime

364 2070 514 2134 delineare
527 2071 626 2147 ritem,
647 2094 775 2135 summus
785 2062 788 2069 ’
798 2088 886 2157 atque
908 2090 1056 2138 extremus
1069 2078 1124 2137 riri
1137 2088 1227 2157 atque
1240 2076 1367 2138 auctoris

364 2167 482 2229 maximi
491 2168 616 2231 'cunutus
630 2183 686 2233 est.
709 2172 806 2233 Recte
824 2174 1006 2253 grammatici
1019 2174 1060 2234 ad
1072 2173 1249 2256 Sophoclem
1261 2192 1269 2231 ε
1282 2173 1368 2233 Ἔστι

365 2266 398 2326 δὲ
416 2280 497 2328 τοῦτο
511 2276 648 2349 μέγιστον
672 2270 704 2331 ἓν
720 2276 857 2354 ποιητικῇ,
871 2272 974 2344 δηλοῦν
989 2269 1071 2343 ἦθος.
1112 2271 1166 2329 Est
1186 2280 1277 2330 aaa»
1298 2271 1368 2330 iliad

364 2366 508 2427 manua
519 2368 548 2426 in
554 2366 672 2445 ροιίίεα,
683 2368 921 2443 ιῳήηιινιιιῇοε.
941 2367 1082 2427 Dedebat
1090 2365 1246 2439 addidisse,
1259 2367 1289 2425 r'rr
1302 2367 1365 2425 dru-

363 2464 465 2525 mutica
482 2450 666 2543 prasertim*
685 2464 726 2523 Et
740 2463 883 2524 Horatius
904 2474 963 2523 tam
976 2463 1084 2535 multis,
1103 2464 1193 2523 vitam
1212 2463 1365 2543 tragaedioe

364 2560 396 2619 τὸ
417 2559 500 2631 ἦθος·
514 2580 578 2621 esse
602 2559 713 2622 docuit.
754 2561 928 2621 Aristoteles
948 2581 1028 2633 vero,
1049 2560 1138 2621 etiam
1158 2560 1189 2619 in
1213 2561 1364 2641 megedin,

363 2666 431 2735 post
441 2658 585 2717 actionem
599 2659 699 2737 (quam
708 2655 838 2716 fabulam
851 2659 1023 2738 plerumque
1036 2657 1135 2730 vocat)
1150 2678 1217 2737 qum
1230 2658 1365 2717 essentias

364 2770 431 2831 pars
457 2754 560 2832 prima,
581 2764 694 2834 partem
719 2740 854 2815 urenda
877 2754 1045 2815 secundam·
1060 2753 1209 2814 constituit
1229 2755 1260 2815 ri
1283 2752 1366 2825 ἦθος.

365 2846 479 2908 Mirum
493 2860 539 2909 est
549 2860 656 2925 autem,
670 2849 768 2910 locum
784 2850 923 2911 Varronis
936 2870 956 2910 a
967 2850 1084 2911 nemine
1098 2851 1288 2911 intellectum.
1308 2852 1366 2918 Qui

365 2962 433 3006 cum
446 2945 572 3025 pdmam
594 2946 623 3005 in
644 2946 822 3025 argumentis
836 2946 959 3008 cauno
978 2947 1126 3025 concedit,
1141 2947 1302 3029 prinoipem
1315 2967 1366 3008 eo-

365 3039 481 3101 moediae
494 3042 572 3103 haud
582 3042 670 3105 dubio
686 3044 838 3104 Caecilium
859 3043 1020 3105 constituit.
1060 3044 1183 3111 Quare?
1211 3044 1284 3105 Pars
1306 3056 1367 3105 tra-

366 3138 476 3218 ‘goedim
490 3139 640 3220 praecipua
652 3148 698 3199 ert
709 3152 923 3218 argumentum.
966 3140 1142 3202 Aristoteles
1152 3140 1247 3201 modo
1260 3139 1365 3221 μῦθον,

366 3236 456 3297 modo
477 3245 533 3297 τῶν
550 3236 725 3317 πραγμάτων
744 3236 880 3298 σύνθεσιν
899 3256 1006 3297 vocare
1021 3238 1107 3299 solea
1147 3238 1206 3305 Qui
1220 3250 1252 3297 et
1270 3237 1368 3299 multis

364 3332 477 3413 probat,
490 3350 568 3405 eum,
579 3332 628 3412 qui
637 3333 786 3413 hasparte
796 3334 926 3409 excellit,
937 3335 1050 3396 etiamsi
1058 3334 1174 3395 ceteris
1184 3334 1366 3409 destimsarr,

367 3428 557 3491 dranraticum
578 3440 696 3511 poetam
715 3430 776 3490 dici
795 3435 892 3511 posse.
933 3432 1007 3493 Pars
1025 3432 1157 3493 secunda
1169 3442 1215 3493 est
1236 3433 1268 3493 ul
1285 3431 1367 3506 idue,

367 3526 448 3605 quod
462 3520 530 3586 curn
541 3524 682 3585 Terentio
695 3524 826 3604 assignet
835 3528 939 3599 Varro,
953 3528 1052 3588 locum
1064 3527 1105 3587 illi
1118 3528 1285 3610 proximum
1297 3526 1368 3590 con·

367 3622 458 3682 cedit.
499 3620 588 3687 Quod
607 3630 778 3700 nonpotest
797 3615 941 3701 ignorare,
962 3624 1012 3703 qui
1031 3625 1166 3705 antiquos
1178 3624 1303 3698 criticos,
1323 3628 1368 3685 in·

366 3716 468 3799 primis
483 3728 584 3777 autem
601 3716 796 3789 Aristotelem,
811 3735 878 3777 cum
895 3738 968 3780 cura
979 3720 1053 3799 legit
1066 3740 1101 3781 ac
1114 3720 1261 3802 mulligit.
1302 3721 1371 3783 Ser-

367 3812 462 3874 monis
478 3813 557 3875 enim
577 3813 650 3887 laus,
672 3832 760 3894 quam
783 3814 891 3876 Plauto
908 3816 997 3877 tribui
1013 3819 1052 3878 ab
1071 3838 1108 3879 eo
1120 3818 1232 3892 volunt,
1252 3829 1369 3879 tantum

367 3912 461 3985 absit,
475 3920 509 3971 ut
529 3930 596 3972 cum
615 3910 733 3992 reliquis
755 3912 882 3973 conferri
895 3913 995 3994 possit,
1016 3925 1049 3973 ut
1065 3925 1214 3995 postremo
1236 3916 1315 3987 loco,
1335 3927 1368 3976 et

367 4011 507 4088 postris
529 4008 665 4080 διάνοιαν,
689 4020 825 4088 ponatur.
865 4010 966 4077 Quare
987 4028 1027 4070 ex
1050 4012 1194 4072 sententia
1215 4011 1365 4086 Vsrronis;

367 4104 417 4185 qui
430 4103 479 4164 hic
492 4102 679 4165 adstotelem
692 4106 846 4185 expressit,
867 4106 978 4186 primus
993 4118 1039 4167 est
1050 4107 1196 4183 Caecilius,
1216 4108 1365 4171 secundus

367 4210 413 4261 est
427 4200 600 4261 Terentiusr
621 4221 694 4281 quos
707 4202 814 4263 deinde
823 4203 943 4263 Plautus
953 4203 1096 4285 seqnitur.
1136 4205 1227 4272 Quod
1237 4205 1365 4267 debsbu

368 4296 512 4376 regimme
527 4296 612 4358 Siren
618 4298 673 4358 reri
684 4298 777 4359 nostri
786 4300 891 4361 Justus
902 4299 1041 4381 Lipsius:
1061 4303 1111 4383 qui
1119 4303 1252 4383 profecto
1264 4299 1363 4365 locuni

368 4394 479 4455 summi·
493 4392 692 4455 Romanorum
711 4394 803 4455 critici
822 4415 882 4456 non
901 4398 1073 4477 penetrarit.
1112 4399 1155 4460 Τὸ
1174 4398 1247 4473 ἦθος
1265 4411 1366 4463 autem

370 4490 476 4553 Plauto
490 4490 630 4553 Horatius
643 4490 799 4567 abjudicat,
821 4511 891 4553 cum
903 4494 1012 4575 inquitr

576 4634 1131 4763 eumanadi-&illia
1319 4726 1324 4733 -
