3242 5559
369 1176 680 1267 ramosum
710 1150 1181 1271 ntunnuaaoon.

257 1830 367 1925 PUB.
382 1862 586 1929 Taarrrrrnrr
602 1866 715 1944 Afrum,
735 1866 923 1929 Commoedioe
932 1866 1049 1929 Latium
1060 1865 1230 1949 mriptoratn
1242 1888 1297 1931 ms·

257 1954 410 2037 decuuqua
423 1958 677 2038 elegantissimum,
697 1970 785 2039 atque
798 1959 909 2039 ingenii
921 1960 1031 2039 festivi,
1042 1960 1189 2021 curatiore
1200 1960 1297 2021 studio

255 2048 429 2109 recensitum
441 2051 521 2112 bono
530 2050 649 2131 publico
659 2052 797 2113 exhibere
809 2052 902 2113 risum
912 2052 979 2113 fuit.
1013 2055 1109 2120 Quem
1124 2052 1201 2114 enim
1213 2052 1297 2133 pueri

256 2144 423 2216 amavimus,
445 2144 577 2224 ejusdam
590 2145 756 2207 mentae
769 2164 805 2207 ac
818 2165 926 2207 rarae
938 2145 986 2206 vel
1005 2145 1064 2207 hac
1079 2164 1196 2227 quoque
1208 2154 1298 2206 etsta

256 2252 308 2295 nos
322 2236 399 2315 capi,
412 2256 473 2299 non
485 2236 699 2299 enrbescimus:
721 2240 834 2316 acajus
846 2237 971 2298 lectione
979 2236 1068 2299 etiam
1079 2237 1159 2319 ipsos
1169 2235 1297 2299 Romani

256 2327 364 2409 eloquii
377 2330 529 2411 principes,
543 2348 653 2411 eosque
667 2330 849 2410 musdmos
862 2330 947 2401 viros,
960 2350 1020 2390 non
1032 2330 1215 2390 abhorruisse
1227 2347 1297 2389 cou-

257 2432 327 2481 stat:
345 2440 469 2501 quorum
482 2442 552 2483 saue
565 2421 662 2501 elogia
673 2440 727 2483 suo
736 2421 804 2483 loeo
815 2421 998 2503 digessimus,
1008 2431 1042 2481 ut
1053 2418 1182 2480 omnium
1195 2418 1297 2492 oculis,

256 2516 407 2593 qualenam
428 2516 580 2577 estimium
593 2524 723 2577 veterum
747 2514 906 2575 doctissimi
927 2514 1036 2595 quique
1059 2512 1098 2573 da
1121 2532 1159 2573 eo
1180 2530 1297 2592 semper

254 2604 389 2681 fecerint,
411 2610 492 2669 velut
512 2610 543 2669 it
566 2608 667 2671 tabula
689 2628 910 2689 exponeremus.
935 2608 1012 2669 Nam
1032 2607 1227 2669 recentiorum
1244 2626 1298 2667 en·

256 2698 350 2759 comia
357 2700 508 2779 colligare,
517 2713 567 2763 aut
577 2700 841 2763 commendatitiam
850 2701 925 2761 illius
934 2718 1040 2761 novam
1050 2699 1245 2773 conscribere,
1252 2699 1297 2761 iu·

254 2792 528 2872 superhabendum
549 2793 699 2865 duximus;
722 2812 760 2853 na
773 2792 922 2853 laudatum
943 2794 981 2853 ab
1005 2794 1139 2854 omnibus
1160 2792 1297 2854 condela-

255 2883 338 2945 brara
357 2885 382 2944 si
400 2886 550 2958 vellerum,
565 2898 660 2947 actam
680 2906 742 2947 rem
762 2904 851 2965 agere
869 2885 978 2966 potina,
997 2906 1085 2966 quam
1101 2886 1170 2947 nori
1186 2886 1298 2967 aliquid

256 2975 354 3061 dicere
368 2978 544 3039 videremur.
583 2978 697 3059 Quippe
711 2982 791 3054 cujus
805 2996 842 3037 ea
853 2974 948 3057 gloria
959 2988 1016 3061 est,
1032 2988 1066 3038 ut
1084 2977 1191 3041 nullius
1202 2977 1297 3037 laudi·

255 3066 308 3137 bus
325 3089 470 3143 crescam,
490 3070 605 3136 nullius¹
614 3070 705 3131 minui
718 3071 820 3151 possit.
857 3072 938 3151 Ergo
950 3071 1039 3151 igitur
1057 3072 1087 3132 id
1105 3072 1177 3133 mihi
1195 3073 1226 3131 in
1238 3072 1296 3134 hac

248 3162 383 3235 ⁴editione
395 3163 574 3244 potissimum
587 3182 665 3223 curae
682 3162 747 3237 fuit,
760 3182 798 3225 oe
811 3164 978 3225 adnitelam
991 3167 1055 3244 ejus
1068 3175 1100 3225 at
1111 3164 1297 3245 splendorem

248 3254 334 3335 ¹,quod
346 3255 469 3327 faceret,
491 3256 646 3337 quicquam
658 3256 784 3317 amenter
797 3256 990 3317 omitteretur.
1025 3256 1096 3317 Non
1115 3257 1298 3337 denegarunt

255 3348 338 3407 nobie
351 3348 408 3409 hac
421 3348 452 3409 in
465 3368 498 3410 re
511 3367 630 3429 operam
642 3366 722 3409 suam
738 3348 824 3408 aurici
842 3346 944 3426 nostri,
966 3347 1018 3407 viri
1033 3348 1168 3409 litterati.
1201 3348 1296 3429 Inpri-

255 3439 308 3500 mis
328 3459 398 3501 vero
418 3442 541 3501 multum
562 3440 653 3518 adjuti
671 3458 769 3501 sumus
787 3438 888 3500 lavore
909 3438 1090 3501 celeberrimi
1098 3439 1297 3514 jurisconsulti

255 3530 357 3595 Pranc.
372 3532 478 3594 Pithoei
493 3532 724 3605 Tricaaainensia,
744 3532 793 3613 qui
807 3532 866 3592 duo
878 3532 963 3592 uobis
976 3530 1106 3591 Terentii
1120 3532 1297 3613 exemplaria

254 3627 469 3709 suppeditarit;
491 3626 614 3687 alterum
624 3624 721 3685 fratris
736 3625 772 3684 B.
786 3624 833 3685 M.
851 3624 975 3686 alterum
988 3644 1076 3685 manu
1088 3644 1142 3685 saa
1157 3624 1297 3685 emenda·

254 3732 335 3793 tum;
357 3720 510 3801 adscriptis
534 3718 680 3779 interdum
706 3716 874 3789 Menandri,
901 3716 1086 3799 Apollodori,
1117 3716 1296 3798 aliorumque

253 3816 399 3885 versalum
423 3832 496 3895 quoa
511 3811 681 3873 Terentium
695 3812 857 3892 exprimere
869 3810 994 3873 voluisse
1012 3823 1156 3893 putamur.
1175 3811 1233 3872 Hie
1246 3830 1295 3872 ac·

254 3909 342 3969 ceadt
360 3908 425 3981 ,Ma
444 3907 539 3967 codex
558 3905 608 3986 qui
626 3906 656 3965 in
674 3904 853 3987 bibliotheca
869 3904 946 3983 ragis
975 3904 1081 3965 Gallia
1104 3903 1293 3965 adservaturr

253 4003 336 4081 cujus
349 4021 386 4063 ea
395 4001 457 4061 vita
470 4010 516 4061 est
529 3998 695 4080 antiquitas,
708 4017 765 4062 nec
776 3999 871 4058 minor
884 3997 1009 4077 bonitas,
1023 4009 1057 4058 ot
1068 3998 1116 4057 vel
1124 3998 1205 4057 solua
1216 3997 1294 4057 suffi-

253 4104 343 4167 ceret,
364 4096 448 4174 cujus
466 4092 555 4152 fidem
572 4110 769 4171 sequeremur.
792 4090 899 4171 inquo
919 4091 1008 4150 etiam
1031 4090 1162 4151 Teretrtii
1184 4089 1292 4170 imago,

250 4187 340 4269 plane
359 4196 394 4247 ut
411 4204 476 4249 eam
502 4203 539 4246 ct
558 4182 704 4245 Vaticana
722 4182 903 4245 bibliotheca
923 4182 1040 4243 Fulviua
1058 4183 1182 4267 Ursinus
1203 4182 1241 4242 V.
1257 4183 1293 4243 C.

253 4280 354 4351 edidit,
370 4278 488 4359 antiqua
507 4294 596 4337 manu
614 4274 732 4355 depicta
752 4286 825 4335 erat.
867 4275 922 4337 Usi
936 4295 1034 4335 sumna
1046 4287 1078 4335 et
1096 4276 1159 4335 aliis
1176 4275 1307 4355 scriptia,

251 4360 344 4443 libris,
356 4370 411 4431 aad
429 4370 478 4450 qui
498 4388 653 4449 perparum
665 4368 854 4447 profuerunt:
875 4386 943 4427 nam
956 4376 988 4427 et
999 4365 1176 4427 recentiores
1189 4378 1292 4434 erant;

253 4472 283 4523 et
295 4462 319 4524 si
333 4460 405 4543 quid
414 4460 566 4531 variarent,
577 4458 764 4539 idlevidepse
775 4458 933 4519 admodum
941 4468 1029 4538 atque
1038 4458 1136 4537 arigui
1143 4457 1292 4518 momenti.

292 4646 404 4711 Donati
418 4644 475 4711 duo
487 4643 665 4727 exemplaria
676 4643 840 4721 habuimus,
852 4657 883 4709 et
894 4644 946 4712 illa
962 4643 1141 4711 lineorum
1153 4652 1289 4705 accurata
