3242 5559
497 1020 1022 1111 ARGUMENTUM.

717 1257 813 1291 ,-

315 1430 524 1495 CHREMES
544 1431 668 1505 Atticus,
682 1446 765 1514 pater
785 1432 929 1493 Pasibula
948 1444 978 1493 et
993 1432 1182 1505 Philumene,
1197 1452 1264 1496 cam

275 1546 315 1588 ex
324 1528 368 1587 his
381 1528 495 1588 duabus
506 1548 539 1590 se
553 1529 718 1589 Pasibulam
726 1529 886 1610 perdidisse
899 1529 1122 1601 lalsocrederet,
1132 1530 1264 1591 relictam

274 1623 410 1696 Athenis,
423 1644 479 1683 nec
492 1624 582 1685 visam
594 1636 697 1705 postea
710 1627 803 1686 multo
823 1636 965 1705 tempore,
988 1636 1126 1705 tanquam
1148 1626 1264 1687 unicam

273 1721 328 1780 sihi
347 1723 469 1800 putabat
488 1721 700 1795 Philumenam,
715 1742 802 1803 quam
822 1722 965 1783 Charinus
984 1722 1156 1783 adolescens
1170 1722 1265 1782 Athe·

272 1818 379 1877 niensis
393 1818 548 1878 adamabat
560 1817 658 1891 unice,
669 1829 700 1879 et
720 1818 776 1879 sihi
789 1820 911 1897 petebat
924 1837 1058 1879 uxorem.
1101 1818 1162 1879 Sed
1180 1828 1264 1899 pater

273 1933 338 1973 eam
352 1913 505 1993 Pamphilo
519 1914 645 1986 cuidam,
668 1914 793 1974 Simonis
806 1914 876 1988 filio,
891 1915 967 1975 ultro
981 1914 1193 1995 desponderat:
1214 1915 1265 1995 qui

271 2008 437 2089 Pamphilus
451 2022 553 2071 conns
562 2030 690 2071 sororem
706 2010 865 2092 Chrysidis,
879 2031 913 2071 ac
926 2012 1110 2091 peregrinam
1120 2023 1183 2072 tum
1198 2030 1263 2071 cre·

271 2102 370 2177 ditum
385 2104 551 2165 Pasibulam
564 2126 651 2187 supra
663 2108 782 2179 dictam,
792 2109 912 2169 alteram
926 2108 1088 2169 Chremetis
1101 2108 1200 2179 filiam,
1209 2110 1263 2169 sub

272 2201 387 2260 nomine
401 2201 542 2281 Glycerii,
556 2203 682 2263 latenter
697 2203 742 2264 sic
761 2204 877 2276 amavit,
900 2216 933 2264 ut
946 2224 985 2263 ex
1008 2224 1045 2265 ea
1058 2205 1150 2264 hlium
1162 2223 1261 2264 susce·

269 2298 360 2377 pisset
371 2298 463 2359 inscio
473 2309 567 2377 patre.
608 2302 716 2365 Quare
729 2299 889 2374 intellecta,
905 2310 1066 2360 commotus
1081 2300 1162 2359 Simo
1179 2311 1264 2379 pater

272 2393 425 2473 Pamphili,
448 2394 519 2453 dum
532 2394 695 2473 perfalsus
716 2394 830 2474 nuptias
843 2404 939 2453 tentat
957 2394 1084 2453 animum
1108 2394 1262 2473 Pamphili,

272 2489 370 2550 multis
382 2490 477 2549 modis
490 2510 509 2549 a
522 2490 609 2549 Davo
621 2491 685 2569 ipse
700 2490 845 2549 deluditur
859 2510 942 2551 servo
954 2516 961 2561 ς
980 2492 1169 2571 periculoque
1185 2490 1264 2551 Cha·

271 2586 325 2645 rini
338 2597 369 2645 et
383 2584 526 2666 Pamphili
539 2596 635 2645 motus
649 2605 731 2644 error
751 2587 782 2644 in
801 2586 910 2660 fabula,
923 2606 1016 2666 usque
1032 2588 1071 2647 ad
1087 2607 1154 2647 eum
1171 2586 1260 2647 finem

273 2682 376 2741 dacusa
386 2692 440 2752 est,
459 2680 528 2741 dum
548 2681 679 2741 Athenas
693 2682 811 2742 veniens
825 2683 951 2743 Andrias
970 2685 1087 2763 quidam
1103 2683 1184 2744 Crito
1198 2704 1260 2744 rem

271 2777 391 2857 aperiat,
402 2789 434 2837 et
453 2778 562 2837 nodum
575 2778 683 2839 fabulae
702 2779 815 2839 solvat:
836 2799 888 2859 per
907 2800 993 2860 quem
1012 2781 1110 2860 agnita
1123 2781 1261 2841 Pasibula

271 2871 409 2952 recipitur
422 2875 630 2953 aparentibus,
652 2886 682 2935 et
703 2876 826 2935 traditur
837 2875 991 2956 Pamphilo
1010 2877 1137 2937 amanti:
1160 2876 1259 2936 Philu-

269 2988 356 3030 mena
368 2989 437 3030 vero
452 2970 581 3030 Charino
593 2972 804 3051 despondetur,
817 2981 848 3031 et
861 2973 984 3032 traditur
997 2972 1156 3053 exoptanti.
1188 2972 1259 3032 Par·

270 3076 371 3145 specto
380 3077 553 3145 argumento
561 3067 635 3127 scire
643 3067 783 3129 dehemus
793 3068 871 3128 hanc
881 3089 946 3129 esse
957 3070 1091 3129 virtutem
1102 3068 1259 3150 poeticam,

270 3174 331 3223 uta
343 3162 502 3224 novissimis
516 3163 678 3242 argumenti
692 3165 780 3223 rebus
798 3164 949 3244 incipiens,
974 3166 1087 3225 initium
1107 3164 1214 3225 fabulae
1228 3176 1259 3224 et
1320 3170 1323 3175 '

271 3258 411 3339 originem
431 3260 576 3319 narrative
595 3260 700 3320 reddat
720 3262 944 3339 spectatoribus,
963 3273 1170 3341 auctoremque
1183 3281 1257 3339 prse-

270 3367 382 3416 aentem
392 3356 448 3417 sibi
457 3356 606 3428 exhibeat,
618 3356 668 3415 ubi
681 3356 747 3415 tinia
761 3367 807 3415 est
817 3357 935 3416 fabulae.
961 3358 1052 3417 Hunc
1066 3358 1142 3416 anim
1156 3358 1257 3416 orbem

270 3454 449 3514 etcirculum
461 3453 586 3533 poeticae
601 3452 714 3512 virtutis
731 3472 790 3511 non
809 3454 898 3513 modo
908 3454 1001 3513 secuti
1011 3462 1080 3513 sunt
1091 3452 1196 3531 tragici
1207 3472 1257 3512 co·

269 3550 393 3630 micique
405 3562 549 3623 auctores,
562 3550 616 3609 sed
635 3550 784 3610 Homerus
794 3550 881 3609 etiam
892 3560 922 3610 et
936 3550 1071 3629 Virgilius
1091 3558 1256 3609 tenuerunt.

271 3646 450 3707 Divisionem
463 3658 579 3706 aduam
591 3648 622 3704 in
631 3646 745 3705 Latinis
754 3646 859 3706 fabulis
870 3646 1067 3706 internoscere
1077 3644 1191 3705 difficile
1202 3656 1257 3704 est.

271 3764 388 3805 causam
396 3743 568 3819 jamdudum
586 3743 855 3803 demonstravimus.
896 3743 985 3803 Unde
1004 3752 1110 3812 autem,
1129 3752 1259 3821 autquo·

268 3840 366 3911 modo,
377 3838 506 3919 quamvis
519 3858 608 3918 segre,
626 3850 725 3903 tamen
737 3839 860 3918 intelligi
873 3838 1068 3918 distinguique
1079 3838 1197 3918 possint,
1212 3848 1258 3897 est

269 3936 504 4018 operaepretium
518 3936 625 3997 dicere.
667 3935 812 4014 Principio
824 3934 977 3994 dicendum
997 3946 1051 4005 est,
1072 3933 1180 3994 nullam
1191 3954 1257 4015 per·

269 4054 371 4095 sonam
384 4052 531 4113 egressam
544 4031 706 4111 quinquies,
718 4032 794 4091 ultra
803 4031 882 4091 exire
893 4049 989 4112 posse.
1023 4030 1083 4089 Sed
1093 4030 1142 4090 illa
1152 4050 1184 4088 re
1194 4029 1257 4109 ple·

268 4150 388 4211 rumque
409 4129 580 4209 decipimur,
594 4129 846 4207 quodpersonam,
870 4147 934 4187 cum
957 4126 1090 4198 tacuerit,
1110 4122 1256 4205 egresssin

267 4228 341 4287 falso
350 4238 503 4306 putamus:
525 4246 590 4305 quae
603 4226 788 4285 nihilominus
802 4226 830 4283 in
841 4224 993 4305 proscenio
1007 4234 1108 4283 tacens
1118 4220 1257 4301 loquendi

268 4335 384 4403 ternpus
394 4332 559 4401 exspectat.
601 4322 655 4381 Est
664 4322 752 4401 igitur
766 4332 878 4381 attente
895 4320 1192 4389 animadvertendum,
1207 4316 1258 4377 ubi

269 4429 299 4479 et
307 4418 424 4497 quando
433 4437 523 4477 scena
530 4436 621 4477 vacua
628 4419 666 4477 sit
675 4421 712 4479 ab
721 4419 853 4478 omnihus
864 4416 1006 4498 personis,
1016 4428 1050 4477 ut
1059 4417 1089 4475 in
1099 4436 1135 4476 aa
1144 4415 1260 4487 chorus,

268 4516 313 4576 vel
326 4515 437 4575 tibicen
457 4512 549 4575 audiri
570 4515 677 4595 possit:
700 4516 780 4596 quod
800 4534 891 4596 quum
912 4516 1078 4585 viderimus,
1099 4513 1139 4572 ibi
1159 4521 1259 4571 achim

269 4631 332 4672 erse
347 4611 460 4673 animm
474 4613 614 4675 debemus
627 4632 797 4693 agnoscere.
838 4611 1000 4673 Coniundit
1019 4631 1098 4691 saeps
1119 4610 1259 4669 lectorem

309 4726 385 4769 voa.
397 4727 421 4769 1.
795 4728 817 4767 n
