3242 5559
376 748 454 811 lm
699 748 764 811 m:
794 748 1051 814 rfltarlto,

374 928 545 1005 ripollisarss
554 927 630 1003 ludi,
649 929 779 1011 Apsum
789 930 962 1005 conterati,
974 942 1027 993 aut
1035 930 1066 991 in
1074 929 1216 993 honorem
1226 930 1369 1013 Apollinie

375 1023 508 1089 institui.

574 1120 621 1182 De
636 1123 763 1183 Tleucs'e
775 1132 803 1183 et
815 1122 1031 1202 Amplitleutris
1043 1126 1170 1203 antiquas

412 1234 590 1303 Qiso‘melius
599 1246 630 1295 st
640 1236 818 1298 commodius
827 1241 1027 1317 spectarentur
1036 1237 1196 1310 meme,
1206 1238 1366 1319 magalim,

370 1341 423 1391 sut
436 1332 508 1404 ludi,
529 1333 594 1392 sive·
612 1332 632 1391 ii
654 1332 828 1411 §elisatii
848 1333 910 1394 sive
929 1334 1016 1393 etiam
1037 1334 1160 1412 scenici,
1179 1334 1225 1394 vel
1248 1332 1371 1395 dterius

370 1428 489 1507 generis
498 1440 606 1501 essent,
617 1428 748 1489 instimta
757 1440 827 1491 aunt
836 1432 875 1490 sb
884 1429 1017 1508 antiqu'n,
1030 1449 1096 1508 qnoe
1106 1431 1366 1491 tlentrovoeahan·

370 1533 435 1595 tun.
443 1536 465 1583 α’
474 1525 625 1585 commode
637 1525 765 1585 videndo
774 1544 810 1587 sc
818 1525 1023 1609 prospiciendo
1037 1526 1080 1585 eie
1093 1526 1249 1604 appellata.
1289 1525 1370 1585 Nam*

370 1620 624 1680 sntetlreetrorum
632 1640 727 1693 usum,
736 1632 926 1697 scenoesupcr
931 1623 1063 1693 planstris
1071 1621 1367 1681 ductillhosexstrue·

370 1718 487 1789 bantur,
513 1736 548 1777 ac
563 1736 618 1797 per
635 1716 765 1796 compita
785 1717 893 1788 ductae,
911 1713 1022 1793 popolo
1042 1716 1216 1794 praebebant
1236 1718 1367 1779 obleeta-

369 1816 489 1875 tionem.
531 1814 664 1874 Theatra)
674 1823 773 1873 autem
787 1822 873 1871 erant
884 1808 1016 1882 ediffis,
1034 1810 1083 1871 vel
1095 1823 1251 1891 apparatus
1265 1814 1295 1871 in
1314 1834 1366 1893 po·

367 1912 428 1992 puli
443 1910 565 1989 gratiam
585 1908 727 1980 instructi
748 1907 786 1967 ad
805 1906 961 1988 hemicycli
974 1906 1113 1986 speciem,
1137 1908 1175 1968 ad
1192 1910 1366 1989 spectandos

368 2008 470 2067 ludos:
490 2008 648 2084 spectaculo
656 2004 763 2065 Latine
781 2022 934 2084 possumus
955 2004 1065 2064 dicere.
1107 2004 1183 2065 Gom
1203 2004 1300 2065 forum
1322 2006 1366 2065 in·

367 2104 501 2165 stitutum
519 2101 619 2174 fuerit,
642 2101 748 2182 (iuquit
758 2098 920 2177 Vitruvius)
941 2102 1004 2160 ham
1021 2100 1148 2159 deontm·
1162 2087 1366 2180 immortalium

367 2199 470 2260 dlehns
479 2198 573 2273 settle,
582 2199 718 2259 ludorum
726 2197 961 2278 spectationibus,
973 2197 1181 2276 eligendusest
1190 2197 1272 2259 locus
1282 2198 1364 2260 thes·

367 2308 518 2376 uuquam·
531 2295 744 2356 saluberrimus.
784 2294 914 2355 Fuerunt
929 2305 1027 2355 autem
1049 2295 1163 2355 tlrestra
1176 2294 1300 2355 (luorum
1314 2314 1366 2376 ge·

367 2406 484 2453 neum:
505 2392 671 2473 nlla-lignea
684 2392 857 2472 etpluribus
867 2391 1101 2451 tallellntlonibns
1113 2401 1271 2463 exstructa,
1292 2410 1364 2471 qua·

366 2490 406 2549 lin
418 2488 499 2549 ludis
510 2488 634 2568 publicis
644 2488 796 2568 quotannis
809 2488 920 2550 fiebant
933 2489 1049 2560 Romae,
1069 2501 1160 2578 etque
1174 2507 1211 2550 ee
1222 2490 1364 2571 perennis

366 2584 570 2646 nonfuerunt:
590 2584 646 2646 alie
665 2596 815 2646 sumtuosa
838 2596 869 2645 et
892 2585 1009 2657 nobilia,
1031 2602 1071 2643 es
1093 2584 1194 2645 solidis
1214 2587 1312 2658 rebus,
1332 2586 1370 2646 id·

366 2692 421 2753 est,
442 2698 479 2741 ex
500 2691 650 2741 structura*
664 2691 881 2754 mementorum,
902 2681 998 2761 lapide
1019 2687 1074 2741 a'ut‘
1095 2700 1240 2742 marmore
1258 2673 1365 2743 constit

364 2790 438 2849 tnta,
458 2778 545 2856 quale
559 2776 696 2857 estquod
714 2777 875 2838 construxit
887 2778 931 2838 M.
946 2779 1075 2839 &maus
1095 2777 1131 2837 in·
1146 2778 1287 2839 oetlilitstc
1299 2791 1361 2850 ωας

364 2874 436 2935 item
456 2874 545 2935 etlam
565 2873 730 2953 Pompeius,
752 2874 846 2933 etalii
867 2874 1014 2954 permulti.
1055 2875 1103 2934 Ite
1125 2884 1224 2934 eutem
1242 2894 1362 2955 compos

365 2970 520 3031 situmfuit
533 2970 657 3049 antiquis
669 2970 827 3041 thentmm,
846 2980 880 3029 ut
899 2989 935 3031 eo
955 2971 1141 3043 conveniens,
1163 2981 1195 3031 et
1207 2971 1362 3032 commode

363 3067 468 3128 sedens
490 3066 584 3137 turha,
612 3066 811 3148 elonginquo
832 3066 922 3127 fenile
942 3078 1078 3146 spectare
1099 3078 1210 3147 posset,
1230 3084 1367 3129 concavo

363 3162 525 3243 aequalique
536 3162 678 3242 parietum
692 3162 889 3238 cheunfiectq
904 3173 941 3221 ut·
950 3165 998 3223 vel
1008 3164 1068 3223 leni
1081 3181 1154 3224 sono
1168 3163 1249 3224 dicte
1261 3165 1359 3235 verbm

363 3260 536 3320 adnitemur
548 3259 654 3319 neem
674 3268 762 3338 eaput
779 3258 893 3318 facilius
904 3258 1060 3319 ferrentur.
1102 3260 1211 3321 Postea
1222 3277 1293 3321 vero
1306 3280 1360 3320 ex·

362 3357 578 3436 cogitatum-est
589 3356 736 3415 theatrum
749 3355 780 3414 in
792 3356 947 3417 rotrudam
967 3356 1092 3417 fonnem
1103 3368 1281 3428 extructum,
1302 3356 1360 3417 allo

362 3452 654 3525 multoexoellentius
663 3462 750 3532 etque
758 3452 904 3531 cepecius,
913 3454 1064 3532 magisque
1072 3461 1265 3513 sumtuosnmt
1278 3452 1365 3532 quod·
1454 3512 1462 3521 ,

360 3550 429 3629 quia
440 3549 531 3609 veluti
551 3568 587 3608 es
606 3549 720 3608 (luobus
735 3558 884 3633 constaret
896 3548 1030 3621 theatriq
1050 3550 1267 3629 rotundumque
1282 3550 1359 3628 flgu·

360 3664 432 3716 ram,
447 3664 506 3703 non
515 3646 578 3722 jun
591 3644 714 3722 amplius
726 3644 920 3724 hemicyclum
933 3645 1067 3719 referret,
1087 3648 1127 3706 oh
1140 3647 1172 3706 id
1182 3646 1358 3723 Atnptistea·

362 3752 433 3802 lnam
446 3741 558 3801 dictum
580 3750 633 3812 est,
654 3741 739 3819 quale
758 3752 812 3813 est,
833 3740 911 3820 quod
932 3742 1020 3802 hodie
1042 3743 1148 3803 Romae
1159 3744 1284 3814 videtur,
1305 3743 1357 3803 nli*

252 3890 257 3897 .
361 3835 477 3917 quando
491 3836 527 3896 ab
547 3836 673 3896 Antonio
692 3837 746 3898 Pio
759 3837 943 3910 aedificatam,
964 3850 995 3898 et
1012 3839 1150 3900 aGothis
1171 3840 1355 3900 devastatum

361 3933 532 4007 (Collisoetsm
544 3932 648 4011 vulgus
662 3932 760 4011 vocet)
777 3934 858 4012 quod
871 3934 1049 4012 potissimum
1063 3937 1102 3996 nd
1115 3936 1172 3996 slis
1185 3938 1366 4016 spectacule

359 4030 447 4109 vulgo
456 4030 646 4110 proponenda
655 4030 863 4111 hommatque
876 4033 1025 4091 inventum
1038 4031 1113 4093 luit:
1133 4052 1202 4092 nem
1214 4033 1355 4094 etl-sueni·

359 4144 409 4186 cos
427 4125 510 4186 ludos
528 4127 752 4207 prospiciendos,
773 4129 866 4208 mugit
883 4128 1019 4187 idoneum
1039 4141 1104 4189 erat
1125 4130 1293 4190 theatmm:
1314 4131 1353 4191 oh

359 4242 432 4303 quos
452 4223 598 4303 praecipue
620 4224 767 4284 inventum
786 4223 877 4285 fuisse
897 4224 1036 4285 credrhile
1058 4236 1113 4286 est.
1154 4226 1245 4287 Unde
1264 4226 1354 4287 facile

359 4318 544 4395 conjecerim,
565 4320 745 4394 Terentium,
758 4339 818 4401 quo
829 4333 962 4401 tempore
974 4322 1099 4402 primum
1107 4323 1353 4403 propostllt¹susm

359 4416 504 4493 Hecyram
519 4417 614 4496 egisse
623 4420 653 4476 in
662 4418 883 4495 Amphitheatro:
902 4420 1192 4498 scenepermedtum
1201 4420 1352 4500 ipsiuser·

357 4523 479 4583 structa
495 4524 526 4573 et
536 4514 574 4573 ad
589 4532 677 4573 unum
697 4524 809 4574 tantum
829 4514 1021 4594 hemicyclum
1036 4526 1206 4596 spectante:
1228 4534 1297 4575 nam
1313 4516 1353 4574 sh

357 4620 480 4689 utroque
495 4610 707 4691 Amphitheatri
725 4610 910 4672 semicirculo
928 4612 1055 4691 speotsri
1071 4632 1130 4673 non
1142 4622 1281 4692 merant
1301 4623 1353 4672 cei

357 4706 488 4770 mediet
510 4710 697 4790 quofectum,
710 4720 744 4771 ut
755 4709 867 4771 dmin
878 4708 1042 4772 aluum
1051 4709 1351 4789 maumetis-spec·
