3242 5559
364 792 426 853 lax'
577 780 763 860 VICTOR
795 792 859 852 DE
891 778 1145 853 COMOEDI'A.

364 973 436 1048 lent,
456 963 522 1053 q'um
536 962 599 1033 erat
612 972 790 1045 necessitas,
810 972 842 1031 in
854 971 990 1031 virtutem
1006 960 1155 1051 egregiam
1174 959 1359 1030 transtulere?

365 1069 441 1129 Nam
455 1080 537 1129 actus
554 1069 661 1128 fabulae
679 1069 721 1129 sic
738 1070 866 1148 agebant
885 1068 1047 1146 colligatos,
1067 1078 1101 1127 ut
1122 1085 1176 1148 pet·
1194 1066 1359 1140 intervalla,-

364 1182 429 1243 quae
448 1166 564 1243 quidem
580 1177 662 1225 erant
675 1166 800 1239 minima,
822 1152 923 1226 saltem
936 1184 1012 1223 unus
1025 1165 1122 1224 histrio
1136 1162 1356 1243 relinqueretur,

364 1252 607 1340 aut'frequentius
618 1263 779 1341 complures
793 1248 909 1321 alternis
922 1262 996 1320 inter
1009 1280 1042 1320 se
1051 1261 1199 1321 versiculis
1213 1260 1356 1320 disseren-

363 1366 416 1417 tes.
438 1356 575 1437 Deinque
586 1359 656 1417 nihil
667 1360 772 1420 vetusti
783 1348 863 1419 chori
872 1348 1022 1440 proprium
1033 1360 1242 1419 observabant:
1256 1374 1359 1436 quem··

364 1452 519 1514 admodum
541 1456 570 1515 in
591 1443 789 1536 Aristophanis
807 1457 895 1517 Pluto
913 1456 1012 1517 fabula
1032 1466 1096 1516 tute
1113 1453 1288 1535 jampridem
1312 1452 1356 1512 vi·

365 1551 440 1612 disti.
480 1552 517 1611 Id
532 1553 672 1613 Horatius
685 1552 727 1612 ita
740 1553 856 1626 cecinit,

717 1714 757 1763 lex
769 1722 805 1763 est
816 1721 923 1779 socspts:
939 1715 1069 1777 ebornsqns

603 1796 712 1858 Turpiter
723 1797 828 1854 obticuit,
845 1797 935 1844 sublato
944 1800 996 1859 jure
1007 1793 1113 1843 nocendi.

363 1943 458 2004 Miror
472 1950 570 1999 autem
583 1938 666 2019 quasi
679 1950 838 2000 monstrum
852 1940 1043 2020 conspicatus,
1057 1938 1138 1997 illum
1152 1942 1234 2013 cujus
1249 1928 1358 2014 scripta

364 2040 418 2100 sub
434 2034 561 2096 Acronis
574 2035 690 2096 nomine
705 2037 958 2107 circumferuntur,
968 2037 1015 2094 vel
1025 2035 1049 2095 si
1059 2045 1104 2095 est
1113 2026 1178 2114 ¹ipse
1190 2034 1281 2104 Acro,
1293 2032 1359 2090 ‹lix-¹

363 2137 420 2195 isse
435 2134 465 2194 id
478 2134 543 2212 lege
566 2145 684 2192 cautum
698 2134 750 2193 sub
767 2133 908 2211 Angusto.
949 2132 1070 2192 Poterat
1082 2128 1279 2190 mediusfidius
1292 2140 1360 2208 per*¹

364 2231 494 2312 spexisse
513 2232 613 2311 (modo
627 2230 761 2289 Plautum
781 2241 832 2289 ant
852 2229 1022 2288 Terentium
1035 2226 1151 2306 legerit)
1166 2234 1288 2311 'an'ante
1303 2224 1360 2281 Au*

366 2339 483 2408 gustum
498 2338 573 2387 actae
581 2327 690 2385 fabulae
700 2333 875 2405 quemquam
888 2316 1120 2386 momordissent,
1136 2323 1164 2382 0
1178 2340 1265 2400 quam
1279 2338 1360 2397 egre:

365 2425 414 2504 gie
431 2434 548 2484 vetusta
572 2423 662 2493 novis,
684 2422 849 2502 Latineque
869 2422 982 2482 Graecis
996 2440 1055 2481 non
1072 2420 1121 2479 hic
1139 2419 1237 2488 modo,
1259 2412 1360 2475 verum

365 2532 395 2581 et
409 2521 457 2580 eiii
470 2507 588 2579 fortuna
603 2520 709 2579 similes
726 2520 929 2580 confuderunt.
971 2519 1086 2597 Quippe
1099 2516 1156 2575 boc
1170 2513 1295 2573 Athenis
1309 2512 1359 2570 de·

365 2620 475 2677 cretum
490 2616 603 2695 patricii
616 2616 835 2695 promulgavere
848 2617 896 2674 vix
909 2635 986 2675 anno
1007 2615 1086 2674 urbis
1109 2614 1212 2672 Rornae
1236 2604 1359 2690 quadra-

365 2712 475 2791 gesimo
490 2710 614 2789 septimo
624 2729 710 2790 supra
723 2719 769 2770 ter
787 2704 915 2783 centum,
936 2711 1072 2770 videlicet
1085 2728 1174 2788 quum
1187 2706 1293 2766 tribuni
1306 2704 1359 2763 mi··

365 2808 463 2867 lita'res
474 2806 595 2886 imperio
609 2807 752 2866 consulari
766 2818 941 2867 crearentur.

368 2926 375 2937 ⁹
406 2894 587 2963 Ocmoediam
608 2902 706 2981 itaque
725 2894 840 2982 tempus
865 2914 895 2961 et
915 2898 1045 2974 materia,
1075 2904 1152 2962 sicut
1175 2900 1309 2969 diximus,
1327 2895 1360 2954 in

365 3000 421 3061 tria
435 2998 543 3078 genera
554 2984 855 3076 dividuntantiquuin
868 2998 986 3070 scilicet,
1002 3010 1033 3059 et
1042 3020 1158 3068 novum,
1180 3006 1210 3055 et
1219 2990 1358 3053 medium}

367 3098 456 3157 Stilus
468 3115 548 3166 vero,
568 3094 690 3164 numeri,
704 3102 735 3152 et
745 3104 897 3172 apparatus
908 3093 1016 3171 duplici
1027 3104 1139 3152 tantum
1152 3091 1281 3151 sectione
1291 3096 1357 3168 pars

365 3194 493 3255 tiunturr
515 3186 630 3252 diversa
640 3198 738 3249 tam'mr
750 3190 879 3250 ratione:
901 3190 1036 3268 quoniam
1049 3189 1130 3249 stilus
1143 3202 1175 3249 et
1186 3190 1298 3249 numeri
1309 3197 1359 3247 re*

366 3290 488 3351 tristiora
508 3289 567 3348 duc
584 3287 669 3348 simul
692 3280 879 3368 componunt,
899 3306 966 3365 quae
988 3286 1026 3345 ad
1047 3276 1246 3345 Alexandrum
1265 3306 1359 3367 usque

364 3404 539 3469 pervenere:
560 3384 613 3445 sed
634 3376 787 3464 apparatus
803 3382 928 3442 medium
949 3382 1022 3441 illud
1044 3382 1172 3441 annectit
1191 3381 1358 3442 recentiori.

365 3484 443 3544 Nam
463 3483 493 3541 in
507 3492 633 3561 utroque
648 3481 682 3561 (si
701 3480 898 3559 grammaticis
917 3478 1096 3539 credendum
1109 3478 1166 3557 est)
1186 3480 1266 3540 nulla
1279 3480 1360 3540 chori

364 3580 581 3640 modulamenta
594 3578 786 3655 reperiuntur.
1253 3630 1258 3638 ,
1354 3592 1357 3598 ’

406 3676 475 3735 Non
497 3685 594 3734 autem
619 3692 684 3733 esse
709 3673 832 3733 arbitror
852 3671 977 3732 alienum
997 3673 1027 3731 in
1048 3672 1203 3753 praesentia
1224 3673 1359 3753 quedam

364 3770 576 3852 particulariter
597 3770 790 3842 considerare,
819 3790 885 3850 quae
908 3770 1041 3849 profecto
1065 3770 1157 3830 multa
1170 3764 1233 3829 ¹non
1253 3764 1359 3830 erunt:

366 3866 503 3947 quoniam
522 3866 610 3927 facile
629 3866 741 3927 videtur
760 3886 798 3927 ex
821 3867 962 3927 hactenns
986 3866 1070 3926 dictis
1089 3866 1152 3927 sere
1176 3878 1285 3928 omnes
1297 3872 1359 3931 tuni

366 3963 496 4035 Graecas,
517 3974 578 4022 tum
594 3962 715 4023 Latinas
728 3962 823 4023 metiri
838 3956 1004 4035 comoedias,
1024 3963 1050 4021 si
1065 3973 1226 4043 temporum
1240 3984 1360 4043 proeaer·

364 4060 417 4119 tim
428 4060 516 4119 ullam
529 4059 638 4120 habere
649 4059 778 4120 volueris
788 4060 947 4127 rationem}
968 4052 1086 4138 quando
1103 4059 1215 4120 scilicet
1225 4060 1256 4118 in
1269 4059 1359 4119 sconti

367 4157 495 4216 floruerit
510 4147 888 4235 'unusquisque‘fabularnm
908 4163 1006 4235 poeta.
1025 4149 1030 4157 ’
1047 4155 1175 4215 Primam
1191 4156 1281 4235 igitur
1295 4158 1360 4215 Ro·

365 4270 423 4310 moe
443 4251 578 4311 fabulam
590 4252 661 4311 dare
674 4250 783 4311 Lucius
796 4250 898 4312 Livius
911 4251 1030 4332 occepit
1042 4252 1158 4312 decimo
1175 4272 1263 4332 supra
1275 4252 1358 4332 quin·

365 4348 559 4427 gentesimum
572 4349 767 4409 urbisanno:
789 4347 982 4428 quiquidem,
1004 4344 1102 4409 Gellio
1116 4359 1199 4422 teste,
1219 4350 1358 4429 quinque·

365 4444 492 4523 gesimus
505 4445 649 4504 secundus
658 4445 695 4503 ab
709 4443 791 4504 obitu
803 4444 960 4504 Menandri
971 4447 1194 4505 numerabatur:
1215 4445 1357 4525 vigesimo

363 4538 428 4598 fere
442 4549 644 4620 posteaquam
655 4541 781 4601 Romani
797 4541 921 4621 primum
943 4541 1229 4620 Carthaginiensibus
1248 4530 1358 4599 bellum

363 4633 546 4697 indixissent:
577 4630 645 4696 tunc
668 4636 744 4697 enim
767 4656 841 4718 pace
865 4638 1035 4718 composita,
1060 4657 1127 4718 quas
1145 4637 1256 4717 populo
1276 4646 1357 4696 tanto

366 4751 455 4811 opere
476 4734 676 4814 expetebatur,
705 4734 744 4795 id·
758 4753 851 4815 genus
872 4734 1079 4798 oblectamenti
1099 4731 1248 4795 relaxandi
1260 4724 1378 4806 ,animi
