3242 5559
390 690 450 745 aa..
492 684 498 701 '
717 682 794 742 DE'
809 680 1055 741 TH'EA'TRO.

380 862 480 933 ¹fiebat
493 867 590 937 scena,
598 869 755 929 camerato
763 872 921 933 ,contextu
936 861 1010 929 binis
1022 862 1212 944 ,pluribusque
1224 868 1388 948 ,configuras

389 959 516 1019 tionibus
529 969 698 1021 exstructa..
730 959 816 1020 Picta
821 971 891 1025 ,erat
898 960 1037 1039 undique,
1050 980 1117 1023 suas
1130 962 1320 1025 domunculas
1332 968 1388 1031 has.

384 1056 463 1127 buit,
471 1055 502 1113 in
514 1074 587 1134 quas
596 1075 650 1135 pro
657 1055 901 1123 ratione'actuum
911 1057 1076 1123 alternatim
1089 1060 1386 1137 seconlerebaatac·

389 1163 480 1215 tores.
496 1152 668 1216 Duaszaras
679 1154 838 1233 {utriusque
853 1154 996 1214 habebat:
1019 1154 1151 1223 dextram
1161 1156 1387 1237 ,LiberipatrisJ

389 1249 534 1310 sinistram
543 1253 611 1326 aius
612 1249 700 1322 Dei,'
692 1269 723 1308 ιιι
728 1250 819 1329 cujus
828 1249 969 1317 honorem
978 1250 1042 1311 ludi
1051 1251 1170 1313 fiebant.
1195 1252 1285 1314 Unde
1294 1254 1389 1325 illudi

389 1366 423 1403 er
433 1365 486 1405 aaa
497 1347 574 1407 Ιιίιιι
571 1366 646 1413 sune
662 1348 799 1407 verbenas.
828 1347 957 1428 Atque'
949 1368 973 1409 ra
987 1348 1177 1411 denumerat
1190 1368 1288 1413 accuoe
1297 1369 1387 1431 appa-

390 1452 472 1503 ratus
484 1443 514 1503 in
526 1443 694 1555 theatro.

613 1706 661 1767 De
674 1708 863 1769 Histrionibut
876 1719 902 1769 et
917 1700 1013 1771 Mitris
1026 1702 1145 1767 ιιειιὲιίι.

395 1869 536 1958 Omnis
555 1882 760 1976 tragoediarum
780 1904 816 1946 aa
839 1884 1044 1945 eomoedia'rum
1058 1884 1161 1962 gratia,
1175 1892 1206 1943 et
1218 1898 1317 1943 scenoe
1332 1878 1386 1942 ‘de-

393 1998 458 2055 cus,
473 1978 508 2036 in
527 1979 703 2039 histrionibus
723 1968 909 2041 consistebat.
950 1981 1106 2041 Histriones
1130 1979 1207 2039 enim
1225 1988 1255 2038 et
1272 1979 1345 2039 arisai
1357 1978 1387 2037 in
1494 2025 1499 2035 .

391 2072 482 2136 scena
495 2076 653 2136 comoedias
677 2079 872 2138 recensebant
889 2078 1051 2138 secundum
1068 2096 1136 2137 suos
1150 2076 1257 2137 modos
1271 2088 1301 2136 et
1319 2092 1388 2137 can·

392 2158 462 2233 lica.
503 2173 581 2233 Nam
596 2174 720 2247 cantica,
739 2185 771 2233 ut
783 2175 883 2255 paullo
897 2184 965 2235 ante
980 2175 1167 2248 docebamus,
1185 2174 1387 2253 temperaban-

391 2281 441 2329 tur
454 2270 558 2342 modis,
571 2291 630 2332 non
644 2283 772 2350 aposta.
785 2270 838 2331 sed
852 2273 977 2351 aperito
991 2272 1059 2331 artis
1082 2271 1200 2331 musicoe
1212 2270 1310 2343 factis,
1321 2288 1389 2330 mu·

391 2355 587 2448 labanturque
598 2363 695 2428 modi
689 2389 718 2426 ιιι
731 2388 789 2429 uno
800 2369 925 2429 cantico.
947 2368 1071 2428 Fiebant
1081 2366 1246 2445 hujusmodi
1260 2366 1389 2427 camnine

392 2464 431 2523 ad
441 2458 546 2525 tibias:
566 2466 657 2525 uthis
668 2461 773 2527 auditis
784 2466 866 2527 multi
880 2483 919 2526 ex
930 2465 1038 2544 populo
1049 2473 1117 2523 ante
1132 2465 1288 2536 discerent,
1302 2480 1389 2543 quam

391 2559 522 2621 fabulam
535 2562 628 2621 acturi
641 2572 740 2623 essent
753 2562 874 2623 scenici.
901 2560 998 2621 Unde
1008 2560 1081 2620 illud
1095 2572 1141 2621 est
1152 2560 1317 2621 Ciceronis
1337 2582 1390 2620 non

391 2634 514 2762 intelligo
522 2652 639 2737 (inquit)
654 2661 720 2736 quad
727 2669 839 2731 metuat
855 2680 934 2736 qaam
949 2669 1005 2717 tam
1018 2661 1098 2718 bonor
1112 2658 1389 2737 septenariossandat

393 2731 432 2811 dd
449 2754 559 2813 tibiam:
589 2754 722 2815 Tibicines
740 2758 962 2836 appellabantur
974 2772 1030 2833 qui
1021 2754 1209 2833 hujusmodi
1223 2752 1338 2814 cantica
1351 2752 1389 2813 ad

392 2849 495 2910 abram
506 2849 681 2923 fundebant
695 2862 850 2931 antequam
861 2863 998 2931 ageretur
1008 2844 1159 2922 comoedia,
1169 2850 1235 2911 uel
1228 2860 1302 2910 mter
1311 2868 1389 2929 ipsos

393 2956 488 3007 actus.
527 2947 708 3010 Unde-illud
725 2949 842 3008 Plauti:
872 2950 968 3007 tibicen
988 2968 1035 3007 uos
1049 2950 1154 3007 intereo
1170 2949 1215 3007 hie
1239 2949 1389 3011 delectabit.

393 3043 546 3117 Ludiones
569 3055 668 3105 autem
678 3055 710 3103 et
722 3043 876 3105 histriones
886 3044 924 3103 ad
938 3043 1065 3104 tibicinis
1078 3044 1181 3103 modos
1194 3042 1347 3116 saltabant,
1358 3054 1391 3103 et

393 3140 525 3200 nonnihil
539 3141 629 3201 etiam
639 3140 831 3201 diverbiorum
842 3140 1083 3220 pronunciabant.
1115 3140 1204 3201 Unde
1214 3139 1331 3199 Livius:
1348 3144 1389 3199 la·

394 3238 484 3309 diones
493 3259 526 3297 es
539 3239 677 3297 Hetruria
689 3237 781 3308 acciti,
795 3238 833 3296 ad
844 3238 959 3297 tibicinis
971 3238 1061 3296 modos
1071 3238 1211 3308 saltantes,
1223 3246 1271 3295 aut
1283 3238 1388 3297 indeco-

392 3356 439 3406 τοι
450 3344 538 3395 matur
556 3355 629 3393 more
644 3334 749 3393 Thmoo
770 3334 878 3392 dabam.
921 3332 1075 3418 Proprium
1093 3332 1171 3392 enim
1189 3331 1335 3393 ludiorum
1351 3352 1388 3393 ac

392 3431 556 3511 morionum
570 3440 633 3491 erat
644 3441 740 3489 motus
753 3429 887 3499 decoros,
900 3448 936 3489 aa
948 3440 1050 3508 gestus
1064 3429 1181 3495 omnino
1190 3429 1331 3491 decentes
1346 3451 1389 3491 os·

392 3529 525 3604 tenderet
566 3526 734 3585 Tibicinum
755 3512 855 3584 autem
873 3535 936 3584 erat
956 3523 1106 3597 decorum,
1125 3525 1240 3609 modos,
1259 3526 1317 3586 hoc
1333 3538 1387 3601 est,

393 3642 544 3683 mensuras
565 3623 597 3680 in
618 3631 708 3705 cantu
727 3622 892 3691 observare,
911 3620 1106 3700 remissosque
1129 3632 1181 3681 aut
1202 3633 1313 3695 acutos,
1338 3633 1388 3683 aut

395 3719 484 3779 etiam
497 3736 601 3797 graves
615 3716 713 3777 facere
726 3736 780 3796 pro
793 3706 921 3776 arbitrio.
962 3718 997 3777 ln
1011 3719 1143 3796 tragedia
1167 3729 1196 3777 et
1220 3729 1315 3796 satyra
1332 3740 1390 3779 sec·

394 3816 479 3874 daun
491 3832 614 3873 numero
626 3812 859 3876 interveniebant
871 3815 1001 3872 moriones
1018 3824 1049 3873 et
1063 3814 1203 3873 histriones
1211 3840 1223 3884 ;
1246 3814 1276 3873 in
1299 3836 1389 3875 conm-

395 3913 441 3969 dia
455 3910 543 3970 etiam
553 3918 670 3987 quatum
680 3919 709 3969 et
723 3910 832 3987 viginti.
874 3908 933 3977 Qui
944 3910 1028 3968 simul
1043 3910 1136 3970 coacti
1149 3910 1179 3968 in
1193 3910 1323 3991 quolibet
1335 3910 1389 3970 lio·

396 4026 461 4066 rum
475 4025 594 4085 genere,
609 4024 756 4085 unamque
769 4025 832 4065 rem
842 3997 1205 4085 agentes,utjamdictu1n
1220 4018 1274 4080 est,
1293 4008 1391 4067 clonae

395 4086 592 4163 ¹vocabantur:
614 4101 697 4171 divisi
711 4102 741 4160 in
750 4102 821 4161 duas
829 4113 937 4181 partes,
957 4104 1134 4163 aemulatio:
1154 4104 1202 4162 ubi
1216 4114 1315 4164 autem
1324 4122 1390 4182 gea·

392 4192 440 4283 tus
454 4209 484 4258 et
498 4208 602 4258 cantus
615 4198 801 4267 absolverant
819 4218 896 4270 suos,
916 4208 977 4257 tum
997 4199 1028 4256 in
1046 4210 1145 4279 partes
1162 4199 1263 4278 plures
1277 4198 1389 4259 diride-

394 4296 522 4380 bantur:
544 4304 577 4353 ut
586 4294 634 4353 alii
648 4305 747 4354 essent
765 4295 814 4373 qui
831 4314 924 4366 senes,
939 4294 987 4353 alii
1001 4295 1051 4374 qui
1064 4306 1217 4369 amatores,
1233 4295 1391 4355 muliercu-

392 4392 447 4463 las,
461 4411 560 4458 servus
572 4391 717 4463 luderent,
732 4393 920 4471 personisque
935 4412 970 4453 ac
988 4392 1111 4451 vestium
1129 4392 1269 4453 varietate
1282 4392 1389 4451 indue.

394 4500 504 4585 rentur,
514 4477 757 4571 quemadmodum
767 4508 814 4551 res
829 4486 996 4564 exhibebat,
1011 4507 1046 4551 ac
1058 4488 1145 4551 moris
1161 4500 1224 4553 erat
1237 4487 1315 4568 apud
1326 4507 1388 4550 eos.
