3242 5559
577 767 639 829 DE
663 767 900 833 THEATRO
1149 769 1229 832 lxxix

285 944 358 1007 Ludi
374 946 534 1027 gladiotorii
552 947 722 1029 pierumque
743 961 810 1030 poet
832 946 962 1011 scenicos
980 946 1101 1010 fiebant.
1147 949 1184 1009 In
1195 948 1232 1011 iis

245 1041 436 1105 decertabant
448 1043 560 1123 gladiis,
579 1046 776 1125 populumque
792 1046 882 1107 celeri
898 1045 1055 1125 agitatione
1069 1045 1232 1125 gladiorum

246 1140 441 1201 oblectabant.
463 1140 665 1201 Gladiatorum
677 1152 776 1203 autem
789 1160 908 1221 genera,
923 1140 1055 1213 Retiarii,
1067 1141 1232 1213 secutores,

243 1232 446 1307 Mirmilloneo,
467 1236 677 1317 Hoptomechi,
698 1238 845 1299 'I'hracesr
866 1257 991 1317 quorum
1004 1238 1141 1318 exemplu
1153 1238 1232 1317 apud

243 1343 377 1391 auctores
390 1332 493 1392 crebra
505 1343 582 1395 aunt.
623 1335 738 1395 Horum
746 1336 922 1397 institutores
935 1356 971 1397 ac
989 1335 1120 1415 magistri
1133 1336 1233 1395 Locis·

241 1435 276 1485 ta
287 1428 476 1491 vocabantur.
518 1430 587 1489 Non
601 1431 677 1491 enim
698 1432 789 1511 ignari
802 1431 981 1511 gladiatorie
994 1431 1064 1490 artis
1075 1428 1233 1510 prodibant

240 1522 271 1581 in
287 1523 435 1603 publicum
455 1525 662 1605 spectaculum,
683 1526 722 1587 ad
734 1532 855 1607 premia
871 1528 1088 1605 consequenda.
1127 1528 1233 1607 Itaque

243 1620 320 1699 apud
333 1619 468 1681 Laniatas
480 1620 559 1699 prius
573 1623 786 1681 exercebantur
798 1624 830 1679 in
843 1623 1027 1681 umbratilibus
1035 1624 1147 1701 pugnus,
1161 1644 1234 1702 quas

243 1714 413 1775 &macno
431 1714 529 1774 Graeci
546 1724 706 1774 vocarunt:
727 1716 806 1793 quod
819 1716 986 1794 hujusmodi
998 1736 1105 1795 pugnat
1117 1717 1234 1779 simula·

243 1830 293 1871 cra
305 1812 360 1871 sub
374 1822 455 1872 tecto
468 1810 530 1871 fieri
543 1810 629 1871 solita
641 1822 733 1884 erant,
747 1830 807 1870 non
823 1821 857 1869 ut
874 1830 944 1871 vera
955 1832 1064 1893 pugna,
1077 1814 1109 1873 in
1127 1816 1189 1877 sole
1202 1827 1233 1876 et

241 1906 371 1986 pulvere.
412 1907 587 1983 Hnjuamodi
602 1906 731 1967 Leniata
749 1917 816 1967 sunt
834 1907 913 1987 apud
930 1927 994 1985 nos,
1016 1910 1065 1988 qui
1084 1910 1233 1989 gladiandi

243 2014 335 2065 artem
348 2003 483 2083 privatim
495 2003 682 2083 profitentem
700 2001 750 2083 qui
774 2003 882 2065 docent
902 2023 1002 2065 omnes
1022 2025 1158 2067 numeros
1179 2008 1233 2069 im·

242 2100 371 2181 petendi,
395 2099 587 2179 cadendique,
612 2098 733 2159 vulnera
743 2098 899 2174 inferendi,
919 2100 1099 2183 vitandique,
1118 2115 1170 2163 aut
1183 2105 1234 2165 ubi

243 2195 381 2274 punctim,
401 2196 534 2257 caeoirnre
548 2196 720 2257 feriendum.
760 2195 1034 2272 marcomiri,
1047 2198 1097 2277 qui
1111 2211 1142 2259 et
1155 2202 1233 2280 Ago-

244 2310 290 2349 aet
302 2293 396 2351 musici
415 2303 446 2353 et
460 2293 620 2371 Dionysioci
633 2294 810 2365 dicebantur,
831 2294 914 2373 quasi
926 2294 1019 2353 libero
1037 2295 1112 2375 putri
1132 2296 1232 2370 dicati,

244 2388 283 2447 ad
303 2388 518 2461 comoediarum,
539 2390 755 2469 mundarum,
779 2400 831 2449 aut
851 2400 1015 2469 satyrarum
1034 2393 1235 2455 recitationem

242 2484 443 2563 pertinebunt:
456 2484 527 2545 item
537 2485 576 2546 ad
585 2497 688 2547 cantus
698 2497 729 2547 et
737 2496 887 2565 poemata:
897 2505 985 2547 scena
994 2488 1033 2548 ob
1041 2488 1072 2547 id
1080 2488 1112 2547 in
1120 2490 1234 2551 theatro

243 2582 403 2661 composita
411 2590 500 2663 atque
511 2593 660 2643 exstructa
669 2601 705 2643 ea
715 2582 837 2654 ratione,
847 2602 935 2661 quam
944 2603 1015 2643 mox
1027 2584 1234 2649 describemus.

243 2677 300 2743 Qui
312 2696 345 2737 se
365 2677 395 2737 in
417 2678 463 2739 bie
483 2678 560 2739 ludis
581 2679 766 2751 exercebant,
785 2679 883 2738 scenici
901 2679 987 2739 etiam
1004 2680 1185 2755 dicebantur,
1203 2694 1235 2745 et

243 2772 416 2855 Dionysiaci
433 2776 569 2839 artifices.
610 2776 756 2847 Ludorum,
781 2787 833 2847 aut
851 2777 1041 2837 certaminum
1059 2779 1111 2837 diis
1131 2799 1234 2843 conse·

243 2880 397 2944 oratorum,
411 2884 536 2951 quatuor
550 2885 633 2934 erant
650 2874 729 2954 apud
743 2873 866 2935 Grecos
884 2893 1003 2954 genere.
1044 2874 1137 2937 Erant
1155 2876 1234 2937 enirn

243 2966 366 3040 Nemea,
391 2969 520 3043 isthmia,
545 2970 661 3052 Pythia,
686 2982 717 3032 et
736 2970 892 3051 Olympia:
911 2991 977 3050 quoa
1000 2973 1127 3033 omnium
1150 2987 1234 3035 erant

241 3066 370 3127 maxima
382 3068 559 3147 spectacula.
599 3068 635 3127 In
657 3067 702 3128 bis
725 3066 801 3128 ludis
822 3068 1059 3147 proponebantur
1076 3071 1233 3133 victoribus

242 3180 347 3242 magna
359 3164 486 3243 praemia,
497 3184 563 3244 quoe
574 3166 624 3244 qui
635 3164 847 3235 custodiebant,
856 3164 990 3244 ludisque
999 3177 1151 3245 preerant,
1160 3167 1235 3249 βρα-

242 3257 340 3331 βευταὶ
351 3259 474 3332 Groecis,
485 3260 598 3321 Latinis
608 3260 1032 3341 daigartorcoappeilabantur,
1042 3266 1234 3341 quorumoffi·

242 3356 318 3417 cium
332 3368 405 3431 erat,
418 3357 632 3419 multitudinem
645 3358 781 3428 retinere,
797 3357 993 3428 obambtdare,
1012 3368 1044 3417 et
1055 3370 1234 3437 spectatores

243 3453 388 3513 moderari
399 3454 544 3533 virgarum
557 3453 705 3515 terriculo.
747 3452 836 3513 Unde
846 3452 1050 3531 Mostigonomi,
1063 3465 1095 3513 et
1107 3455 1237 3515 Rhaide-

242 3550 284 3609 clu'
295 3550 384 3609 etiam
395 3550 475 3623 dicti,
489 3551 570 3631 quod
582 3550 677 3629 virgas
688 3558 846 3629 gestarent,
860 3547 932 3607 utin
945 3546 1039 3608 officio
1052 3550 1236 3611 continerent

243 3656 428 3727 spectatores.
469 3646 594 3707 Mueicis
617 3665 734 3727 quoque
758 3645 899 3724 agonibus
920 3656 1004 3706 erant
1022 3646 1108 3718 crite,
1127 3648 1160 3707 id
1178 3660 1235 3723 est,

238 3744 365 3819 judices,
380 3764 399 3805 a
416 3743 518 3825 quibus
531 3744 630 3815 critici,
648 3744 680 3802 id
694 3753 748 3813 est,
761 3751 925 3821 poematum
940 3741 1057 3819 judices
1070 3742 1141 3804 dicti
1159 3755 1235 3806 emt.

242 3840 389 3913 Locorum,
412 3842 463 3922 qui
482 3841 536 3901 diis
560 3840 817 3910 consecrabantur,
837 3838 916 3917 apud
938 3838 1086 3899 Romanos
1110 3853 1236 3919 quatuor

244 3948 326 3998 erant
349 3937 473 4017 species.
522 3936 583 3997 Eos
602 3937 688 3996 ludos
707 3935 821 3995 AEdiles
844 3934 958 3995 curules
978 3953 1099 3997 munere
1117 3938 1235 4016 publico

242 4034 397 4114 quotannis
411 4034 561 4095 curabant.
601 4034 778 4112 Megalesion,
792 4030 853 4089 sire
868 4029 965 4109 magni
983 4031 1044 4090 ludi
1062 4032 1143 4104 dicti,
1158 4033 1237 4113 quod
1303 4055 1312 4067 ⁸

243 4132 354 4211 magnis
367 4130 423 4191 diis
434 4130 594 4191 consecrati
604 4139 717 4191 essem:
735 4128 839 4207 quibus
852 4128 927 4187 ludis
937 4139 1061 4207 quatuor
1074 4140 1149 4189 acta
1168 4142 1236 4192 sunt

246 4226 376 4287 Terentii
397 4226 574 4287 Comoedimr
599 4225 721 4297 Andria,
742 4226 914 4304 Eunuchus,
928 4225 1237 4287 Heautontimorume-

219 4370 222 4384 .
245 4342 306 4397 nos,
325 4324 458 4405 Hecyra
499 4324 642 4395 Funebres,
664 4334 714 4383 aut
732 4321 880 4383 funerales
897 4322 970 4394 ludi,
993 4323 1032 4383 ad
1050 4323 1237 4383 retinendum

244 4420 382 4500 populum
396 4420 518 4480 instituti
530 4430 608 4492 sunt,
622 4420 691 4479 dum
705 4438 814 4499 pompa
831 4419 950 4492 funeris,
970 4419 1092 4481 decreta
1104 4420 1134 4490 in
1146 4421 1239 4481 bono.

246 4534 306 4577 rem
327 4516 441 4597 patricii
461 4517 523 4589 viri,
544 4518 631 4597 plane
651 4536 687 4577 nc
707 4517 825 4597 publice
846 4517 1047 4579 instruebatur.
1090 4517 1147 4577 His
1161 4518 1238 4577 ludis

247 4623 311 4673 acta
323 4624 370 4673 est
384 4612 535 4675 Comtedia
549 4612 678 4673 Terentii
689 4612 828 4693 Adelpbi.
860 4614 969 4685 Plebeii,
983 4612 1043 4673 sive
1055 4613 1181 4673 Romani
1193 4612 1237 4671 lu·

246 4708 337 4790 dipro
349 4710 446 4773 salute
455 4711 548 4792 plebis
559 4692 735 4773 edebantur
757 4710 1077 4790 quibueludisectaest
1089 4708 1237 4771 Phormio.
