3242 5559
313 725 373 781 ³16
621 718 987 782 ARGUMENTUM.

311 899 418 978 puella
434 899 473 959 nd
494 897 655 972 Thaidem
682 912 746 962 tum
765 903 920 982 parasitum
941 903 1121 984 loquentem,
1139 917 1192 981 per
1212 917 1299 980 quan

313 995 396 1076 virgo
409 1011 428 1055 a
444 995 533 1055 milite
546 996 625 1056 dono
637 997 737 1057 smine
750 1000 838 1060 missa
850 1009 912 1068 est:
932 1011 995 1060 tum
1007 999 1202 1060 interventum
1216 996 1301 1059 Cha-

313 1110 373 1150 reta
386 1091 509 1152 amantis
517 1090 670 1172 virginem,
680 1093 870 1176 ejusdemque
881 1114 948 1156 oum
959 1094 1140 1156 Parmenone
1149 1092 1301 1155 consilium

314 1187 353 1250 de
373 1187 476 1250 eadem
497 1189 636 1270 potienda
654 1205 709 1270 per
725 1188 890 1252 fallaciam:
903 1191 979 1270 'quis
995 1210 1050 1271 pro
1068 1191 1218 1253 vliunnrho
1236 1190 1301 1270 ipse

313 1285 485 1366 supponitur
497 1285 613 1346 Thaidi.
654 1286 764 1346 Tertius
773 1297 858 1348 actus
868 1287 1067 1348 characterem
1077 1286 1215 1368 exprimit
1228 1285 1301 1346 mili·

312 1380 351 1441 tis
364 1391 395 1441 et
407 1380 526 1462 parasiti
535 1400 588 1461 per
602 1380 755 1442 ridiculum
764 1382 957 1462 colloquium:
977 1393 1040 1443 tum
1052 1381 1250 1444 invitationem
1263 1379 1304 1442 ad

313 1496 426 1538 mnam
445 1476 581 1538 Thaidis:
601 1487 663 1537 tum
679 1477 853 1539 oblationem
872 1479 952 1540 velut
966 1479 1103 1541 Eunuchi
1121 1479 1253 1540 Chaeraoe
1271 1485 1304 1538 et

313 1573 419 1657 puellae
443 1593 482 1633 ex
502 1572 653 1654 AEthiopia
672 1591 725 1652 per
746 1574 956 1660 Tarmeuonem
974 1575 1103 1658 hetam:
1127 1585 1191 1656 tum
1213 1573 1304 1636 rerba

313 1666 478 1732 Chremetis
497 1670 537 1729 ad
557 1667 701 1729 Thaidem
713 1669 866 1743 venientis,
887 1671 1090 1752 perductique.
1102 1667 1142 1731 ad
1160 1667 1302 1730 militem:

312 1764 488 1846 Antiphonis
508 1765 698 1845 Chaereoeque
709 1764 885 1844 colloquium
899 1767 938 1828 de
954 1765 1053 1827 ultima
1065 1784 1118 1847 per
1134 1763 1233 1826 dolum
1244 1761 1321 1822 vir-¹

312 1861 391 1942 gine.
432 1863 467 1920 ln
485 1871 583 1939 quarto
605 1872 673 1921 notu
693 1861 800 1922 Dorias
816 1859 935 1922 nunciat
944 1861 1074 1940 J'urgium
1092 1860 1169 1922 iuter
1181 1858 1302 1920 militem

311 1968 343 2017 et
353 1957 515 2019 Thaidem:
535 1969 597 2018 tum
615 1956 742 2018 reditum
759 1958 849 2019 habet
859 1975 898 2018 ex
909 1958 976 2019 villa
990 1957 1141 2032 Phaedriae,
1155 1967 1187 2018 et
1199 1973 1303 2037 quara·

244 2119 249 2129 x
312 2055 371 2114 lam
391 2051 506 2133 Pythiae
522 2051 674 2133 delvitiats
693 2048 805 2134 virgine
825 2054 903 2134 apud
923 2054 1106 2116 Phaedriam:
1126 2063 1158 2116 et
1176 2053 1303 2114 eundem

310 2159 477 2230 stupentem
486 2148 566 2228 quod
575 2148 728 2209 audiebat:
750 2169 876 2211 errorem
889 2151 961 2210 ebrii
972 2151 1152 2213 Chremetis:
1172 2148 1303 2210 etverha

310 2245 472 2326 petulantia
497 2242 617 2303 Thaidis
640 2245 793 2304 adversum
812 2245 942 2318 militem,
973 2257 1005 2306 et
1031 2247 1128 2307 militis
1148 2245 1302 2307 adversum

312 2339 476 2402 Thaidem:
496 2350 599 2419 parata
615 2340 723 2419 praelis,
741 2340 923 2421 ridiculeque
940 2341 1081 2421 deposita.
1122 2340 1242 2411 tiaran
1253 2357 1302 2400 aa·

310 2447 359 2498 tus
381 2438 448 2497 hato
467 2435 610 2507 eontinet,
629 2436 777 2522 quarelam
791 2435 912 2516 Thaidis
934 2435 971 2497 de
985 2436 1084 2498 ritiats
1099 2435 1222 2518 virgine,
1244 2435 1304 2517 pri⁶

210 2595 214 2602 ,
310 2551 359 2593 mo
373 2551 439 2594 cum
452 2531 571 2613 Pythie,
591 2544 695 2612 postea
708 2553 776 2595 curn
788 2532 858 2615 ipso
873 2533 1015 2595 Chaerea:
1033 2541 1095 2595 turn
1107 2535 1302 2595 interventum

313 2629 476 2690 Chremetis
494 2640 582 2708 atque
597 2628 732 2690 nutricis:
763 2641 825 2690 tum
848 2627 1093 2710 perturbationem
1114 2629 1302 2695 Parmenonis

311 2743 364 2804 per
378 2725 478 2784 dolum
496 2722 629 2804 Pyrniae;
649 2736 737 2806 atque
750 2728 813 2804 ejus
831 2723 939 2788 indicio
959 2746 1014 2807 per
1033 2747 1143 2800 senem,
1164 2726 1215 2809 qui
1232 2744 1300 2786 rure

310 2831 383 2879 tunc
396 2819 564 2890 advenerat,
587 2819 771 2881 confirmatas
782 2823 917 2904 nuptias:
938 2835 969 2884 et
979 2823 1017 2884 ad
1030 2823 1163 2886 ultimum
1176 2821 1301 2887 radians

312 2916 343 2976 in
357 2915 477 2994 gretiam
492 2915 587 2977 militis
598 2937 666 2978 cum
679 2916 812 2980 Phaedria
823 2931 854 2981 et
864 2921 998 2986 Chaerea.
