3242 5559
517 745 828 838 ss‘ssse.'sr
848 735 1042 838 coumnj
1195 770 1274 832 ms

286 948 452 1017 auctoribus
460 948 473 1016 ι’
497 954 540 1016 ita
555 948 626 1017 haec
635 962 686 1020 νέα
704 957 830 1040 κωμῳδία
850 974 918 1020 curn
933 954 1088 1015 multorum
1101 962 1198 1023 antea,
1211 962 1275 1009 tum

283 1052 434 1134 p'raecipue
449 1052 615 1125 Menandri,
628 1052 810 1131 Terentriqui
831 1062 884 1114 est.
905 1052 943 1112 de
964 1068 1023 1131 qua
1040 1068 1107 1110 cum
1128 1047 1222 1108 multa
1234 1044 1278 1105 dt·

283 1148 379 1209 nenda
395 1146 461 1221 sint,
483 1157 529 1209 set
549 1148 604 1208 erit
624 1140 724 1209 tarnen
744 1150 827 1210 velut
845 1147 1021 1210 admonendi
1037 1145 1156 1207 lectoris
1176 1160 1277 1215 cauea,

284 1240 416 1323 quod‘de
437 1256 501 1305 arte
520 1242 634 1306 comica
651 1256 782 1305 veterum
803 1246 911 1307 chartis
930 1244 1104 1317 continetur,
1117 1256 1277 1323 exponere.

283 1338 441 1401 Comoe'dla
453 1353 535 1402 vetus
549 1352 582 1400 ut
596 1341 660 1401 sb
651 1340 733 1402 mitio
754 1342 861 1403 chorus
880 1342 946 1413 fuit,
966 1340 1165 1423 paulatimque
1177 1333 1279 1419 perso'.

284 1434 387 1497 narum
400 1457 523 1497 numero
535 1435 566 1495 ιιι
580 1436 709 1518 quinque
723 1448 806 1499 actus
817 1438 979 1519 processit.
999 1437 1041 1498 ita
1048 1434 1185 1547 paulatim
1197 1433 1280 1495 velut

282 1532 385 1594 attrito
398 1545 487 1645 etque
504 1543 665 1595 extenuato
686 1534 777 1625 choro
795 1534 835 1594 ιιι
853 1554 958 1595 novam
972 1531 1178 1606 comoedimn
1154 1550 1197 1592 stc
1210 1518 1279 1610 per'.

285 1630 373 1701 venit,
390 1642 422 1689 ut
434 1629 465 1689 in
478 1648 515 1713 ea
529 1624 590 1690 non
602 1628 692 1690 modo
701 1618 760 1689 non
773 1629 926 1690 inducatur
940 1630 1056 1704 chorus,
1070 1628 1122 1689 sed
1139 1648 1177 1688 ne
1194 1626 1280 1688 locus

286 1724 405 1805 quidem
424 1706 528 1787 ullus'
515 1746 578 1805 jam
596 1726 772 1807 relinquatur
785 1724 885 1799 choro.
926 1724 1005 1786 Nam
1017 1736 1171 1814 postquam
1184 1724 1278 1784 otioso

285 1818 416 1903 tempure
432 1822 608 1883 fastidiosior
622 1834 771 1903 spectator
781 1820 914 1903 effectus,
928 1832 999 1893 tunc
1013 1842 1081 1884 cum
1094 1820 1132 1882 ad
1145 1830 1279 1885 cantores

285 1916 323 1978 al>
337 1918 484 1979 actoribus
497 1918 597 1981 fabula
613 1904 771 1993 transiret,¹
782 1938 959 1998 consurgere
979 1929 1011 1979 et
1029 1918 1110 1979 abire
1123 1916 1279 2001 coepisset:

284 2012 434 2075 admonuit
452 2026 554 2095 poetas
572 2016 665 2096 primo
679 2008 797 2097 quidem
816 2016 922 2076 choros
936 2014 1167 2096 praetermittere,
1180 2015 1280 2076 locum

286 2112 329 2171 eis
343 2110 557 2192 relinquentes:
585 2122 618 2191 Ιιιι
639 2110 806 2172 Menander
826 2110 907 2184 fecit,
928 2111 984 2172 hac
1004 2109 1042 2171 de
1062 2132 1159 2184 causa,
1173 2131 1233 2171 non
1246 2122 1280 2171 ut

277 2204 334 2267 'atii
348 2207 523 2279 existimant,
535 2208 600 2267 alia.
631 2208 786 2269 Postremo
795 2227 835 2268 ne
843 2207 943 2268 locum
955 2205 1071 2287 quidem
1083 2207 1279 2288 reliqueruntz

278 2302 366 2382 'quiod
379 2302 475 2363 Latini
488 2304 625 2365 iecerunt
641 2304 753 2377 cornici,
774 2304 852 2365 unde
871 2303 950 2383 apud
970 2303 1035 2364 illos
1048 2302 1183 2363 dirimere
1196 2310 1280 2361 acuis

286 2392 533 2479 quinquepartitos
548 2398 664 2460 difficile
675 2411 728 2460 est.
762 2400 841 2476 Tum
852 2402 939 2461 etiam
953 2400 1054 2461 Graeci
1067 2400 1206 2490 prologos
1219 2416 1280 2457 non

285 2494 396 2555 liabent
412 2506 495 2579 more
509 2492 681 2568 nostrorum,
695 2494 768 2575 qu'os
785 2496 882 2573 Latini
900 2495 1020 2556 habent.
1059 2492 1218 2556 Deinde
1197 2494 1280 2561 εοις

288 2592 343 2653 ιιι
367 2606 522 2681 μηχανῆς,
532 2592 564 2652 id
586 2588 640 2671 est,
665 2593 737 2654 deos
758 2591 935 2673 argumentis
955 2592 1105 2653 narrandis
1132 2586 1281 2651 machina-

283 2698 339 2762 tos,
355 2689 454 2749 caeteri
468 2686 566 2749 Latini
587 2688 675 2749 instar
695 2674 878 2750 Graecorum
887 2690 1015 2751 hebent:
1044 2688 1199 2750 Terentius
1219 2704 1279 2745 non

285 2784 386 2845 lsabet.
426 2784 474 2843 Ad
495 2783 553 2844 hoc
572 2786 722 2885 speraretis
741 2788 885 2865 πρὸςωια,
908 2785 940 2845 id
957 2796 1012 2860 ιιι,
1035 2804 1174 2864 personas
1194 2789 1280 2843 extra

285 2882 488 2960 argumentum
509 2878 692 2951 ιιιιιιίιιι,
698 2898 757 2939 non
777 2878 865 2940 facile
889 2880 989 2941 coeteri
1014 2878 1144 2940 hebent:
1174 2876 1279 2959 quibus

285 2968 441 3038 'l'e'rentius
454 2974 539 3056 saepe*
547 2976 646 3047 utitur,
657 2986 689 3036 ut
702 2970 754 3055 per'
767 2974 868 3035 harum
880 2974 1065 3036 inductiones
1079 2974 1166 3036 facile
1178 2982 1280 3055 pateat

286 3072 499 3176 argumentum.
541 3052 676 3158 Veteres,
691 3071 746 3132 etsi
765 3072 819 3155 ipsi
837 3090 954 3152 qnoque
972 3072 1003 3131 in
1019 3072 1118 3133 ments
1130 3070 1281 3151 negligen-

285 3170 342 3230 tius
355 3168 482 3248 egerunt
497 3166 622 3245 jambici
640 3186 751 3240 versus,
770 3163 939 3228 duntaxat
930 3188 961 3227 ιιι
980 3168 1111 3241 secundo
1131 3179 1162 3228 et
1175 3178 1279 3247 quarto

286 3267 369 3328 loos:
387 3266 501 3326 tamen*
507 3284 527 3326 a
546 3258 686 3350 Terentio
704 3262 859 3324 vincuntur
880 3264 1057 3324 resolutione
1077 3264 1162 3340 hujus
1183 3262 1277 3335 metri,

287 3346 439 3441 qnantum
449 3355 564 3441 potest,
581 3342 752 3421 comminuti
774 3358 844 3419 ιιι
835 3359 992 3441 tmaginem
1015 3378 1110 3439 prosse
1131 3356 1280 3420 orationis.

288 3456 368 3518 Tum
378 3458 568 3547 personarum
581 3451 704 3535 leges
678 3474 758 3516 crrca
759 3455 922 3545 habitum,
925 3467 1054 3527 oetatem,
1067 3454 1201 3527 officium,
1215 3474 1281 3535 par·

287 3552 463 3632 tessigendi,
473 3552 560 3614 nemo
575 3552 741 3663 diligentius
752 3550 893 3613 Terentio
904 3550 1071 3612 custodum.
1112 3549 1281 3625 Quinetiam

286 3648 366 3710 sol'us
383 3668 468 3710 ausus
483 3660 528 3709 ert
542 3644 610 3709 cum
623 3644 654 3708 in
674 3648 750 3710 fictis
764 3649 942 3729 argumentis
955 3648 1045 3710 fidem
1056 3647 1187 3719 veritatis
1206 3667 1282 3708 asse·

288 3734 435 3824 queretur,
446 3745 534 3805 etiam
546 3756 648 3836 contra
661 3742 830 3839 praescripta
839 3746 950 3808 comica
957 3746 1126 3821 meretrices
1135 3744 1281 3805 Interdum

286 3860 348 3905 non
357 3840 453 3903 'malos
465 3842 672 3903 introduceret
693 3842 798 3923 quibus
812 3852 920 3925 tamen,
941 3862 994 3902 cur
1005 3843 1091 3917 bone
1104 3842 1171 3913 sint,
1186 3852 1217 3900 et
1229 3860 1281 3900 ro·

286 3936 447 4017 luptasper'
455 3938 548 4019 ipsum
560 3948 590 3998 et
599 3958 685 3999 causa
695 3934 850 3999 non‘deelt.
882 3939 959 3999 Hoec
971 3958 1037 4000 cum
1048 3937 1282 3999 artificiosissime

289 4031 445 4094 Terentius
457 4034 581 4095 ieceritt
601 4045 659 4101 tunt
670 4034 743 4098 illud
756 4045 801 4097 est
813 4035 1025 4110 admirandum,
1037 4036 1116 4116 quod
1127 4045 1158 4095 et
1170 4051 1282 4095 morem

288 4128 418 4202 retinuit,
433 4142 466 4191 ut
477 4130 649 4191 oomoediarn
667 4130 827 4192 scriberet:
849 4145 880 4191 et
892 4132 1064 4222 temperarit
1075 4131 1223 4203 affectum,
1243 4150 1282 4191 ne

289 4224 319 4283 in
333 4226 505 4305 tragoedlarn
518 4227 682 4287 transiliret.
696 4228 776 4308 quod
797 4248 865 4289 curn
878 4228 940 4290 aliis
954 4230 1039 4291 rebus
1052 4230 1169 4290 minime
1182 4229 1284 4289 obten-

229 4328 232 4336 '
290 4332 354 4383 tum
369 4324 406 4382 et
426 4342 445 4383 a
465 4324 583 4397 Plauto,
594 4334 634 4383 et
653 4325 691 4384 ab
712 4324 846 4408 Afranio,
868 4338 899 4385 et
919 4326 1025 4397 Accio,
1050 4337 1080 4386 et
1100 4326 1196 4387 multis
1218 4327 1282 4388 fere

289 4418 403 4515 mugnis
416 4420 532 4479 comicis
551 4419 726 4479 invenimus.
762 4420 843 4481 Illud
862 4441 979 4502 quoque
996 4423 1074 4483 inter
1091 4411 1283 4484 Terentianae

289 4498 411 4575 virtntes
429 4516 570 4589 mirabile,
594 4517 686 4596 qu'od
693 4518 758 4594 ejus
779 4517 888 4580 fabulae
914 4540 952 4580 eo
976 4530 1045 4579 sunt
1070 4531 1283 4599 temperamen-

289 4620 331 4678 to,
346 4620 378 4670 ut
397 4631 494 4692 neque
518 4624 720 4674 extumescant
739 4614 778 4673 sd
796 4618 935 4697 tragicam
956 4616 1166 4688 contulissem,
1187 4634 1283 4695 neque

290 4706 462 4785 abjiciantur
488 4710 528 4773 ad
547 4710 691 4775 mimicam
715 4709 864 4775 vilitatem.
914 4714 1014 4787 Adde,
1039 4712 1118 4796 quod
1141 4712 1212 4773 nihil
1231 4712 1283 4773 ab·
