3242 5559
356 767 464 831 unu
666 766 779 860 nau.
808 765 1050 827 narraras

354 960 462 1010 exacta
473 947 578 1010 nctitm
597 957 628 1007 et
646 948 719 1008 orric
732 947 907 1009 narrationis
921 950 959 1009 ab
972 948 1037 1029 ipso
1050 946 1195 1009 Cicerone
1208 946 1357 1021 laudator,

355 1056 387 1109 et
400 1046 458 1106 'stili
468 1045 638 1127 jucunditas
651 1046 817 1125 acgratiai
838 1042 901 1105 snt
909 1061 998 1123 cuper
1011 1040 1118 1112 omnia,
1139 1048 1171 1099 ut
1183 1040 1356 1119 quibusdam
1387 1115 1397 1133 .

352 1143 459 1225 placet,
486 1144 551 1205 sola
570 1144 736 1225 proprietas
756 1144 823 1203 haec
842 1140 933 1209 facita
958 1150 992 1199 ut
1011 1137 1090 1197 euim
1107 1138 1203 1218 primo
1221 1136 1358 1197 AEneidis
1391 1134 1397 1152 ‘

352 1250 518 1301 commento
531 1240 572 1300 ait
584 1239 713 1311 Servius,
727 1238 882 1299 sciendum
891 1245 938 1297 est
948 1234 1119 1295 Terentium
1128 1244 1250 1314 propter
1262 1232 1360 1302 solam

351 1338 559 1418 proprietatem
582 1337 716 1398 omnibua
744 1335 865 1397 comicis
887 1352 952 1395 aare
977 1331 1149 1413 praelatum:
1170 1330 1275 1411 quibus
1289 1340 1357 1392 ests

351 1446 494 1515 quantum
506 1445 622 1515 spectat
631 1434 668 1494 ad
679 1442 796 1505 caetera,
811 1420 941 1493 inferior.
962 1428 1052 1498 Quod
1061 1429 1196 1488 ultimum
1210 1426 1357 1497 omnibus,

353 1551 427 1611 quos
447 1531 552 1611 ¹legere
575 1530 670 1612 potui,
697 1528 973 1591 commentatoribus
992 1526 1131 1598 excussis,
1160 1523 1252 1587 Servii
1276 1523 1357 1583 salra

353 1648 428 1708 pace
442 1648 501 1688 non
514 1629 656 1708 approbo.
697 1627 776 1687 Hac
788 1627 837 1687 rel
854 1625 894 1685 ad
909 1623 1044 1684 notitiam
1054 1621 1232 1692 habendam,
1252 1620 1301 1680 vel
1318 1619 1357 1681 ad
1389 1620 1394 1629 '

354 1724 718 1797 arrcramdeclinandum,
738 1724 866 1785 breviter
882 1724 922 1783 de
934 1718 1075 1784 Terentio
1088 1717 1168 1780 dicta
1179 1727 1276 1783 sunto.
1386 1716 1394 1726 ⁴

771 1932 934 1949 ——
944 1949 947 1953 A

565 2079 857 2149 DANIELIS
904 2074 1153 2143 HEINsu,

357 2266 359 2273 ’
403 2248 456 2293 Al>
472 2246 683 2293 nonam-mr
705 2250 838 2305 tuturo
862 2250 904 2293 st·
925 2249 1094 2293 racanato
1116 2246 1297 2291 summust.

759 2389 941 2451 Dissertmo.
1007 2411 1010 2419 ¹

544 2522 577 2571 At
587 2522 659 2571 nostri
670 2518 753 2585 proavi
759 2522 887 2569 Plautinos
896 2528 921 2570 et
928 2538 1036 2571 maros
1046 2530 1071 2571 et

545 2603 680 2651 mataras
691 2603 768 2661 salas3
783 2601 878 2649 nimium
888 2602 1004 2665 patiarnm
1012 2612 1146 2666 cunm,

545 2682 584 2730 Na
594 2682 668 2729 dicam
680 2682 760 2739 stulte,
776 2682 869 2729 mirati:
886 2683 907 2730 ri
917 2685 988 2733 modo
997 2700 1043 2746 ego
1050 2690 1075 2732 et
1085 2702 1134 2737 roa·

543 2762 635 2809 Scimus
646 2762 780 2811 irmbutum
789 2762 870 2828 lepido
881 2778 995 2827 seponere
1006 2764 1080 2821 dioto,

544 2842 731 2905 lagitimumquc
745 2858 827 2905 souurn
838 2844 920 2907 digitis
930 2846 1148 2900 callemarcium.
1238 2890 1241 2893 ,

389 2959 505 3023 Durum
526 2942 664 3043 equidcm
676 2956 832 3036 judicium,
854 2968 884 3017 et
909 2959 990 3038 quod
1007 2978 1067 3019 non
1086 2980 1174 3021 nemo
1187 2962 1244 3023 hac
1264 2974 1353 3024 oetatc

349 3056 388 3118 de
398 3056 530 3135 leporum
545 3054 674 3115 omnium
688 3066 820 3135 parente,
833 3074 948 3115 summo
961 3055 1064 3115 critico
1073 3076 1110 3116 ac
1120 3058 1249 3119 maximo
1262 3072 1353 3138 poeta

276 3186 280 3195 ·
349 3151 496 3213 excidisse
510 3152 618 3213 nollet:
640 3153 725 3231 cujus
745 3162 843 3213 temen
863 3170 961 3212 remor
980 3152 1082 3213 meiius
1102 3154 1140 3214 de
1155 3154 1261 3215 Plauto
1270 3144 1352 3237 judii

348 3250 466 3321 cabant,
488 3268 575 3330 quam
600 3250 649 3331 qui
669 3266 748 3309 nunc
760 3248 898 3309 familiam
918 3248 948 3309 iu
968 3249 1068 3310 litteris
1088 3251 1165 3311 tueri
1184 3252 1241 3311 hac
1263 3263 1352 3313 aetate

348 3345 519 3417 creduntur.
560 3346 610 3427 qui
629 3364 687 3407 nec
707 3346 808 3417 reculi,
830 3366 888 3427 quo
908 3345 991 3418 vixit,
1013 3356 1044 3406 et
1063 3368 1132 3428 quo,
1158 3369 1225 3409 curn
1245 3350 1351 3430 poesis,

347 3452 409 3503 tam
422 3442 529 3503 Latina
541 3443 651 3523 lingua,
675 3443 713 3503 ad
726 3463 893 3523 supremum
908 3444 1025 3504 culmen
1038 3465 1073 3504 ac
1085 3445 1232 3525 fastigium
1246 3460 1352 3508 erecta

345 3540 413 3612 fuit,
433 3540 567 3620 ignorare
580 3542 677 3621 potuit
691 3540 834 3620 judicium
843 3563 862 3608 3.
874 3540 917 3623 vir
930 3550 1039 3612 tantus,
1059 3552 1091 3601 et
1103 3543 1185 3621 quod
1197 3544 1240 3603 rei
1261 3555 1351 3623 caput

347 3637 483 3709 arbitror,
504 3636 693 3717 principibus,
712 3636 760 3715 qui
782 3636 858 3695 inter
877 3635 1059 3716 se'quotidie
1072 3637 1110 3697 de
1122 3639 1158 3697 iis
1167 3640 1349 3718 judicabant,

346 3731 445 3792 intinm
459 3732 785 3794 familiariaacamicus.
828 3731 1083 3811 Augustoautem,
1098 3735 1349 3816 optimoingenio·
1381 3741 1385 3748 '

345 3848 412 3889 rum
417 3828 510 3905 judici
520 3840 581 3889 tam
591 3842 692 3909 gratus
703 3840 791 3913 atque
802 3840 950 3909 acceptus,
966 3842 1069 3891 utnon
1079 3851 1146 3893 raro
1155 3833 1348 3913 lepidissimus

345 3923 503 3985 homuncio
516 3926 553 3985 ab
565 3946 602 3987 co
613 3927 769 4001 diceretur,
785 3936 816 3986 et
830 3946 929 4007 quem,
938 3928 963 3987 ai
974 3928 1137 4008 antiquitati
1149 3930 1286 3990 habenda
1298 3930 1348 3989 hic

345 4022 436 4096 fiderit
455 4022 543 4083 etiam
568 4022 677 4085 habere
703 4024 740 4084 ab
764 4024 892 4104 epistolis
913 4025 1030 4105 optarit.
1072 4026 1131 4094 Qui
1154 4046 1222 4093 cnm
1246 4038 1349 4092 contra

345 4119 420 4181 tanti
434 4119 566 4181 Terentii
578 4120 684 4182 feccrit
701 4120 834 4193 fabellas,
848 4132 924 4181 utet
938 4122 1064 4202 integras
1080 4143 1117 4183 ex
1130 4123 1164 4193 iia
1177 4125 1274 4203 ῥήσεις
1294 4124 1348 4190 de·

344 4215 502 4297 scripserit,
514 4228 546 4277 at
559 4219 669 4299 ubique
682 4218 896 4303 accommodet,
910 4218 1100 4300 solidarique
1113 4231 1206 4282 artem
1219 4220 1349 4292 tribuat;

344 4311 469 4393 hominis
483 4312 627 4383 coitione
646 4316 741 4395 potius
759 4334 847 4394 quarn
861 4315 968 4376 eruditi
987 4327 1075 4389 esset,
1097 4317 1138 4388 ita
1160 4318 1348 4380 dissentires

345 4410 508 4485 tautoriro,
519 4421 553 4472 ut
562 4432 600 4473 ne
611 4432 728 4473 causam
738 4411 818 4493 priua
827 4414 1060 4493 cognoscendam
1071 4416 1216 4476 crederet.
1247 4418 1348 4490 Quane¹

343 4508 494 4581 rideamus
515 4510 630 4593 saltem,
654 4508 728 4589 quid
751 4508 847 4570 afferri
867 4530 921 4591 pro
944 4522 1068 4592 utroque
1094 4513 1195 4593 pouit
1238 4512 1346 4575 Nerei

346 4606 446 4684 Flacci
456 4606 599 4685 judicium
614 4606 644 4667 in
658 4616 818 4691 posterum,
830 4617 863 4690 ut
874 4607 979 4687 solent,
992 4622 1043 4669 aut
1057 4609 1227 4671 Terentium
1240 4630 1347 4699 secure

345 4702 464 4768 nimium
484 4705 622 4789 damnare
636 4705 763 4788 ¹quidam
779 4716 904 4789 pergant
922 4706 952 4769 iu
974 4706 1141 4793 cimai&
1169 4706 1277 4795 ania
1291 4727 1347 4799 ψ,
