3242 5559
350 633 370 693 u
565 618 571 625 '
731 634 1028 696 runrnrro.

392 821 411 851 “
426 813 594 875 Ruhnkenii
616 826 694 875 notae
715 814 744 873 in
770 812 941 885 Terentium
965 814 1089 893 gemine
1108 824 1176 873 sunt
1189 830 1301 885 earum,
1315 834 1386 892 quas

351 923 526 1003 scripserunt
550 921 768 983 Westerhnvius
782 932 813 981 et
826 922 856 983 J.
869 922 904 981 F.
925 918 1090 981 Gronovius
1103 918 1123 977 i.
1146 937 1172 978 e.
1188 920 1387 997 grammatica

350 1038 426 1099 sunt,
440 1047 506 1107 quae
519 1028 576 1086 vim
589 1047 732 1107 usumque
744 1028 899 1087 verborum
912 1035 973 1084 tum
987 1044 1026 1083 ex
1039 1024 1104 1104 ipso
1118 1022 1258 1084 Terentio
1271 1034 1332 1083 tum
1345 1042 1384 1083 ex

349 1131 412 1193 aliis
426 1133 624 1213 scriptoribus,
647 1131 777 1214 inprimis
796 1132 901 1191 Plauto
923 1131 954 1189 in
977 1129 1082 1190 eodem
1104 1148 1214 1209 genere
1237 1128 1386 1190 scribendi

349 1236 463 1297 comico
476 1248 588 1298 versato
603 1238 763 1317 explicant,
778 1245 809 1297 et
822 1256 893 1306 rem,
908 1234 947 1296 de
959 1254 1018 1314 qua
1031 1234 1134 1313 agitur,
1153 1254 1191 1294 ex
1211 1233 1386 1313 antiquitate

350 1350 381 1428 et
393 1340 512 1401 historia
533 1341 686 1401 illustrant.
735 1342 803 1401 Nou
826 1352 886 1400 tam
906 1340 972 1399 viris
996 1338 1116 1399 eruditis
1140 1358 1227 1417 quam
1246 1339 1388 1408 tironibus

349 1444 464 1524 scriptae
486 1452 564 1507 sunt.
606 1446 706 1507 Nulloe'
716 1446 756 1507 ad
770 1454 894 1505 metrum
908 1438 1143 1504 constituendum
1163 1450 1308 1524 spectant,
1322 1443 1389 1503 nul·

348 1550 385 1608 lae
399 1554 578 1627 conjecturas
593 1552 709 1611 criticas
718 1546 805 1629 hujus
819 1551 865 1611 vel
879 1550 1001 1610 alioruin
1014 1556 1165 1609 auctorum
1178 1557 1310 1609 veterum
1321 1566 1388 1628 pro·

347 1654 455 1727 ferunt,
470 1656 556 1715 nulloe
574 1654 727 1745 artificium
741 1655 889 1737 poeticum
902 1656 961 1720 sire
976 1654 1168 1715 oecononiiani
1182 1650 1388 1715 comoediarum

349 1744 503 1819 evolvunt,
538 1758 599 1821 Sed
620 1761 792 1821 latinitatem
816 1760 941 1821 aucturis
963 1749 1101 1831 enodant,
1124 1758 1193 1840 quid
1210 1745 1287 1820 inter
1301 1777 1385 1819 usum

349 1854 487 1945 loquendi
496 1860 583 1943 hujus
597 1864 775 1945 aliorumque
785 1875 938 1926 auctorum
951 1864 1133 1943 diversitatis,
1144 1864 1216 1943 quid
1226 1850 1388 1925 similitudi·

348 1962 393 2029 riis
405 1964 576 2050 reperiatur,
599 1970 757 2049 explicant,
781 1990 869 2050 quam
892 1968 989 2028 lucem
1002 1968 1049 2027 alii
1063 1969 1222 2048 scriptores
1234 1965 1389 2029 locutioniss

347 2054 402 2135 bus
423 2072 606 2134 Terentianis
628 2074 756 2147 afferant,
777 2086 807 2135 et
821 2094 908 2155 quam
921 2073 984 2134 istae
1004 2074 1076 2153 ipsae
1086 2074 1152 2134 aliis
1166 2074 1308 2135 foenerar'e
1321 2094 1388 2155 pos-

348 2179 416 2259 sint,
436 2179 485 2259 qui
498 2180 671 2261 interpretes
684 2180 878 2245 recentiorum
891 2187 1054 2257 temporum
1069 2166 1239 2240 delinienda
1253 2177 1388 2240 latinitati

349 2284 497 2363 exquisita
511 2284 629 2365 egregie
644 2304 761 2365 operam
780 2285 921 2356 navaririt,
935 2281 1056 2363 pulchre
1070 2283 1234 2345 ostendunt.
1276 2284 1389 2345 Omnes

348 2364 399 2459 illi,
422 2389 500 2467 apud
514 2409 587 2468 quos
607 2409 703 2449 serrno
716 2408 785 2450 vere
805 2389 913 2449 latinus
927 2387 1080 2467 inhonore
1098 2398 1153 2460 est,
1168 2394 1305 2471 magnum
1318 2375 1389 2448 inde

348 2480 475 2552 fructum
489 2494 662 2573 percipient,
676 2494 700 2553 si
714 2514 772 2553 non
786 2496 881 2553 obiter
894 2494 958 2552 illas
971 2492 1106 2570 legerint,
1121 2492 1175 2552 sed
1188 2492 1253 2553 loca
1266 2502 1297 2553 et
1315 2492 1389 2554 anti-

349 2608 513 2697 quorumxet
524 2598 719 2657 recentiorum
732 2578 901 2676 scriptorum
912 2616 930 2655 a
941 2592 1116 2655 liulmlrenio
1136 2596 1320 2657 laudatorum
1341 2618 1389 2661 ace

350 2710 450 2760 curate
463 2698 676 2779 perpenderint.
712 2700 772 2760 Sed
783 2721 841 2761 non
857 2704 930 2781 opus
941 2709 996 2771 est,
1011 2709 1049 2757 ut‘
1057 2698 1164 2760 multus
1177 2700 1230 2761 sim
1244 2702 1274 2762 in
1287 2700 1391 2781 proerll·

350 2804 452 2865 caudis
465 2806 698 2867 annotationibus
710 2806 800 2866 hisce.
851 2803 1017 2866 Ruhnkeuii
1031 2824 1139 2865 nomen
1153 2826 1253 2867 earum
1266 2804 1389 2885 dignita·

350 2902 410 2969 iem
425 2920 455 2969 et
466 2910 591 2989 pretium
603 2910 672 2971 satis
680 2910 835 2971 tuebitur.’'
1294 2990 1297 2993 ἢ

392 3014 545 3075 Hactenus
556 3014 614 3075 ille.
650 3014 756 3078 Restat
776 3018 962 3092 monendum,
981 3040 1027 3078 me
1043 3021 1123 3078 tomo
1136 3017 1267 3077 secundo
1277 3016 1390 3075 Dictu-

351 3120 398 3177 bus
412 3121 551 3199 quasdam
566 3120 691 3181 virorum
706 3124 883 3185 eruditorum
893 3125 930 3186 de
942 3128 1040 3186 metris
1062 3124 1192 3185 Terentii
1205 3122 1387 3202 praemisisse,

351 3243 421 3304 quas
434 3226 572 3303 adjicere,
581 3246 646 3287 cum
657 3226 804 3308 Lipsianae
818 3230 937 3292 editioni
950 3231 988 3293 ob
1001 3250 1102 3291 causas
1122 3226 1235 3289 Zeunio
1248 3244 1390 3286 memora·

350 3341 394 3391 tas
408 3330 577 3407 deficerent,
591 3353 687 3413 operes
701 3336 825 3413 pretium
836 3337 900 3397 fore
912 3339 1072 3417 sperabam.
1111 3334 1160 3394 De
1174 3346 1308 3411 typorum
1321 3347 1391 3390 con·

291 3428 301 3434 ⁸
351 3438 489 3499 cinnitate
503 3441 649 3519 totiusque
662 3440 758 3518 operis
772 3459 885 3499 summa
898 3441 1019 3514 judicet,
1033 3441 1083 3518 qui
1096 3438 1182 3496 inhis
1202 3436 1314 3515 paginis
1326 3454 1391 3495 uer-

251 3604 255 3611 ,
351 3542 468 3603 subitur.
497 3544 616 3615 Valeas,
630 3544 793 3623 nostrisque
805 3543 1054 3624 qualibuscunque
1066 3541 1214 3603 laboribus
1227 3538 1341 3598 fruens.

280 3625 283 3629 l
1124 3656 1129 3664 -
1260 3647 1277 3668 ¹.
1324 3643 1386 3705 En.
1419 3651 1427 3662 ι

376 3740 457 3780 Dabarlr
468 3740 569 3783 londini.
579 3743 629 3783 Kal.
638 3742 686 3783 Jan.

424 3796 468 3841 aa.
481 3801 631 3843 uncccxrr,

821 3936 916 3985 -δ-

349 4164 353 4173 ¹
386 4100 621 4159 campanula
638 4098 876 4165 SCRIPTURAE,
888 4100 1032 4164 QUIBUS
1050 4098 1119 4154 Hic
1140 4096 1269 4152 SUMUS
1282 4096 1352 4150 vsl.

351 4252 379 4298 B.
410 4240 561 4300 ‘bnuum-
668 4250 696 4297 Ε.
744 4248 892 4310 llu'grnplrins
1051 4250 1086 4297 Μ.
1126 4250 1267 4311 lugneus

349 4330 392 4375 Bo.
410 4328 484 4376 liiitbs
664 4329 716 4374 Far.
742 4327 869 4375 anemius
1051 4328 1081 4374 B.
1095 4328 1124 4375 l).
1147 4322 1282 4373 linbrrkenii
1293 4322 1388 4371 monn

349 4406 377 4453 G.
408 4406 544 4469 bblpurnius
665 4406 729 4453 Faer.
745 4405 849 4452 Faernus
1056 4406 1080 4452 S.
1145 4402 1306 4451 Scbmierlems

351 4486 381 4531 D.
407 4486 511 4531 Donatus
663 4482 688 4530 b.
745 4480 929 4542 bindeubrngius
1051 4482 1092 4528 W.
1140 4476 1321 4527 Westerbovius

783 4556 809 4603 Z.
844 4556 951 4603 Zeunins.
