3242 5559
534 1454 747 1518 IDIOMATA
775 1457 1085 1522 PERSONARUM.

331 1903 460 1979 Antlplo,
473 1905 553 1983 qnod
576 1907 679 1966 obvius
700 1918 848 1988 appareat.
880 1907 997 1978 Cloereo,
1012 1925 1031 1966 a
1044 1904 1169 1986 gaudio:
1195 1904 1324 1984 ephebus

291 2006 329 2067 cd
351 2008 464 2086 quidvis
486 2011 594 2082 audax,
616 2011 791 2092 incogitano,
816 2026 847 2074 et
865 2014 1040 2093 impotenter
1060 2031 1167 2072 emano.
1189 2011 1321 2083 Chremes,

289 2114 460 2175 adolescens
473 2116 532 2176 ruri
553 2118 703 2191 educatus,
725 2139 820 2200 eoque
834 2119 959 2179 civilium
971 2115 1173 2178 blanditiarum
1186 2115 1321 2188 insolens,

291 2227 322 2278 et
334 2217 436 2278 artium
448 2219 608 2301 imperitus.
648 2223 761 2296 Dorico,
784 2225 821 2284 ab
835 2224 928 2296 hasta,
947 2222 1028 2303 quod
1046 2221 1076 2281 in
1088 2221 1167 2281 bello
1179 2221 1323 2301 captarit.

292 2320 397 2396 Dono,
419 2324 498 2402 quod
518 2323 596 2386 dono
617 2311 757 2388 mittatur
770 2326 887 2388 Thaidi.
928 2327 1047 2399 Gnatho,
1068 2324 1324 2400 amandibuln'ut

290 2425 377 2484 edax.
417 2425 548 2507 Fingitur
560 2441 721 2491 mocnntor
734 2442 763 2490 et
775 2431 905 2491 callidus.
939 2431 1052 2503 Lcclea,
1071 2429 1250 2490 asoruendo
1263 2430 1323 2490 nire

291 2531 329 2590 ab
341 2529 520 2593 intendendo
540 2534 683 2596 actionem
702 2535 880 2622 injuriarum,
904 2535 967 2614 pius
988 2535 1018 2593 in
1030 2533 1106 2594 filios
1119 2545 1150 2594 et
1160 2534 1324 2596 vehementi
1403 2595 1407 2598 .

288 2639 415 2719 ingenio.
464 2641 606 2718 Parmeno,
626 2639 706 2720 quod
718 2639 821 2729 sedulo
835 2639 910 2700 adsit
933 2638 1052 2700 domino
1072 2657 1133 2711 suo,
1158 2636 1278 2698 callidus
1293 2649 1323 2698 et

291 2763 358 2806 neor
370 2743 562 2806 meretricum.
603 2744 737 2816 Plcdrio,
762 2745 799 2804 ab
812 2744 956 2805 hilaritate
969 2763 1089 2816 morum,
1104 2743 1242 2804 cordetuo
1255 2743 1324 2804 ado·

291 2852 414 2923 lencona,
435 2861 545 2911 etcum
561 2849 663 2909 morbo
680 2868 734 2910 auo
746 2869 888 2929 pugnano.
933 2849 1057 2927 Pythias,
1078 2847 1115 2908 ob
1125 2848 1322 2920 calliditatem,

289 2967 340 3015 aut
361 2955 441 3034 quod
465 2952 562 3015 omnia
573 2963 767 3033 percontetur.
794 2954 899 3034 Sango,
921 2954 1051 3025 ασάπω,
1071 2952 1129 3012 hoc
1143 2962 1198 3024 est,
1211 2971 1229 3010 a
1243 2969 1321 3012 corn-

289 3060 430 3140 ponendio
442 3057 562 3120 carcinio
575 3057 671 3118 dictm
683 3059 808 3120 ridetur.
850 3058 980 3137 Pingitur
998 3058 1071 3123 liber
1084 3075 1120 3117 ac
1133 3057 1240 3117 domini
1252 3075 1322 3116 oon·

290 3177 405 3237 temtor,
426 3165 526 3244 quales
546 3162 608 3224 fere
630 3163 726 3242 coqui.
760 3163 909 3240 Sophrona,
933 3161 1154 3242 atemperantia
1167 3170 1197 3220 et
1210 3179 1320 3219 morum

288 3271 463 3350 frugalitate.
506 3269 599 3342 Ticis,
622 3287 641 3327 a
652 3287 765 3348 pavone
780 3269 893 3328 videtur
914 3268 1001 3339 dicta,
1026 3267 1126 3327 addita
1138 3266 1320 3346 aspiratione.

290 3376 441 3437 inducitur
463 3375 583 3449 cordata
596 3385 627 3435 et
642 3373 742 3447 civilia,
764 3384 793 3433 et
804 3374 880 3435 inter
893 3373 1059 3434 meretriceo
1071 3373 1170 3453 probis
1182 3371 1319 3433 moribuo.

292 3484 405 3556 Thraco,
419 3503 437 3543 a
449 3479 635 3547 confidentia.
666 3481 797 3561 Fingitur
810 3479 930 3542 atolidus
945 3491 975 3540 et
986 3499 1132 3559 arrogans.
