3242 5559
383 1122 499 1191 AELII
519 1121 710 1192 nonant
724 1124 769 1191 V.
784 1123 824 1191 (l.
840 1121 1090 1194 onnuoms
1112 1125 1258 1196 Unnts

445 1311 552 1362 ROMAE
566 1311 738 1362 PRAEFA‘l'lo
754 1312 792 1360 ΙΝ
807 1311 1000 1362 EUNUCHUU
1015 1313 1183 1366 menum.

767 1538 864 1572 ¹¹·-

362 1743 460 1815 ΠΕΟ
473 1755 626 1818 masculini
639 1754 754 1835 generis
766 1754 883 1816 nomine
900 1767 1068 1836 nuncupata
1079 1755 1178 1817 fabuls
1191 1765 1235 1816 est
1246 1755 1310 1822 Et]-

322 1867 474 1912 suenus:
495 1862 526 1912 et
540 1861 584 1914 est
605 1850 728 1914 Pallista
750 1850 908 1912 Menandri
919 1864 1023 1913 vetur:
1043 1871 1129 1932 quam
1148 1853 1198 1913 ille
1211 1863 1311 1912 auctor

312 1946 360 2007 *de
372 1947 451 2008 facto
464 1947 667 2028 adolescentis,
682 1947 732 2028 qui
753 1968 786 2008 se
804 1969 860 2028 pro
874 1949 1018 2009 Eunucho
1039 1949 1147 2010 deduci
1167 1949 1205 2008 ad
1217 1966 1312 2008 mere-

320 2043 422 2104 tricem
436 2065 538 2125 pasaua
552 2057 606 2119 est,
619 2045 785 2106 nominarit.
827 2044 931 2125 ltaque
945 2063 982 2103 ex
1000 2063 1107 2124 magna
1119 2055 1202 2124 parte
1216 2054 1310 2104 moto·

319 2139 364 2200 ria
377 2151 431 2202 est.
473 2143 574 2222 Atque
586 2142 617 2201 in
638 2143 694 2202 huc
717 2141 861 2202 commus
882 2142 933 2221 qui
954 2159 1107 2220 personam
1124 2139 1310 2201 Parmenonis

319 2247 401 2296 octor
413 2238 546 2312 sustinet,
560 2239 667 2318 primas
679 2239 770 2299 babet
781 2248 889 2317 portes.
930 2237 1073 2298 Secunde
1086 2247 1152 2296 sunt
1168 2236 1308 2296 Cbaereae.

322 2331 430 2392 Tertiae
453 2333 493 2394 ad
516 2335 680 2394 Phaedriam
703 2345 848 2415 spectant.
889 2333 985 2409 Hujus
1009 2333 1149 2413 prologus
1171 2352 1240 2392 sane
1264 2341 1309 2391 est

200 2432 203 2438 '
320 2429 503 2490 concitatior.
543 2431 621 2492 Nam
642 2443 673 2492 et
686 2432 785 2492 obiicit
798 2430 918 2490 crimina
930 2429 1165 2490 adversantibus:
1186 2438 1216 2486 et
1229 2447 1308 2487 com·

319 2523 444 2592 minatur
455 2525 485 2585 in
496 2537 664 2606 posterum:
686 2539 716 2587 et
729 2525 909 2588 accusatorie
922 2535 1019 2586 narrat
1028 2524 1159 2601 injuriam
1169 2523 1308 2582 Terentio

318 2617 447 2680 factam:
469 2634 500 2682 et
517 2622 556 2682 ad
569 2623 701 2682 ultimum
714 2625 905 2696 tumultuose,
929 2633 959 2682 et
980 2641 1048 2684 cum
1070 2638 1176 2699 magna
1201 2619 1308 2678 inuidia

320 2716 453 2778 defendit
465 2729 581 2800 poetam.
623 2721 700 2780 Hoec
714 2732 744 2780 et
757 2724 895 2800 πρότασιν
916 2721 1097 2792 cliricum,
1113 2727 1142 2776 et
1155 2739 1307 2796 καταστρο-

320 2817 376 2895 φὴν
388 2815 429 2875 ita
441 2816 568 2896 aequales
580 2816 678 2889 habet,
693 2828 725 2876 ut
746 2836 888 2896 nusquam
911 2816 992 2876 dicas
1015 2813 1194 2894 longitudine
1213 2813 1308 2892 operis

320 2909 488 2970 Terentium
502 2913 678 2973 delassatum
690 2913 871 2974 dormitasse.
912 2911 1004 2972 Actus
1018 2929 1087 2971 sone
1102 2909 1307 2990 implicatiores

318 3017 387 3066 sunt
398 3007 482 3080 inea,
497 3009 586 3088 etqui
605 3028 663 3069 non
677 3009 764 3069 focile
778 3027 907 3089 aparum
922 3009 1016 3068 doctis
1031 3006 1168 3084 distingui
1179 3007 1305 3086 possint:

316 3103 386 3163 ideo
398 3104 467 3182 quia
489 3105 610 3165 tenendi
622 3104 794 3185 spectatoris
815 3122 903 3164 causa
917 3103 980 3162 vult
993 3111 1080 3182 pocta
1092 3112 1193 3161 noster
1206 3121 1306 3160 omnes

318 3198 444 3278 quinque
463 3212 547 3261 actus
560 3201 640 3261 uelut
661 3221 753 3260 unum
774 3199 849 3272 fieri,
866 3218 904 3259 ne
927 3198 1050 3278 respiret
1072 3196 1306 3276 quodammodo:

317 3306 405 3376 etque
424 3297 560 3358 distincta
582 3297 690 3358 alicubi
711 3296 927 3358 continuatione
950 3292 1171 3354 succedentium
1197 3311 1305 3364 rerum,

317 3402 386 3452 ante
407 3393 500 3452 aulaea
525 3393 639 3453 sublata
663 3391 829 3452 fastidiosus
862 3400 1009 3471 spectator
1042 3397 1186 3465 exsurgat.
1227 3389 1307 3446 Acta·

316 3486 404 3566 plane
428 3498 472 3550 eat
491 3488 586 3548 Ludis
606 3487 838 3568 Megalensibus,
862 3487 900 3548 L.
915 3485 1092 3556 posthumio,
1117 3484 1154 3543 L.
1166 3483 1304 3544 Cornelio

317 3583 463 3645 AEdilibus
477 3585 626 3646 curulibus
637 3608 645 3646 r
666 3585 754 3646 etiam
766 3595 838 3644 tunc
848 3581 1008 3663 personatis
1021 3581 1059 3640 L.
1072 3579 1211 3639 Numidio
1222 3579 1306 3638 Post-

315 3679 424 3751 bumio,
438 3680 476 3740 L.
488 3681 625 3742 Ambivio
638 3682 806 3762 Turpione:
826 3680 896 3739 item
908 3677 1076 3739 modulante
1094 3675 1203 3736 nacco
1216 3675 1304 3734 Clau-

315 3775 365 3836 dio
378 3775 456 3836 tibiis
469 3775 572 3838 dextra
584 3788 615 3841 et
628 3778 741 3838 sinistra
753 3778 792 3837 ob
799 3775 954 3854 jocularis,
973 3773 1064 3833 multa
1084 3771 1226 3852 permixta
1238 3790 1304 3850 gru·

315 3871 415 3932 ritate.
459 3873 497 3932 Et
508 3883 576 3933 acta
589 3885 634 3933 est
646 3884 728 3933 tanto
740 3891 879 3933 successu
893 3889 927 3930 sc
940 3869 1041 3950 plausu
1058 3879 1145 3947 atque
1158 3867 1305 3948 suffragio,

314 3978 350 4027 ut
362 3987 460 4027 rursus
474 3980 552 4028 esset
562 3968 688 4040 vendita,
700 3979 731 4029 et
749 3978 886 4048 ageretur
895 3967 1001 4026 iterum
1014 3985 1067 4045 pro
1082 3983 1172 4024 nova:
1192 3985 1303 4046 proque

316 4078 352 4123 en
369 4065 502 4143 pretinm,
517 4066 597 4145 quod
610 4065 682 4124 nulli
694 4077 761 4126 ante
774 4064 1002 4145 ipsamt'abulam
1013 4061 1142 4142 contigit,
1157 4073 1226 4123 octo
1239 4063 1303 4124 mil·

314 4159 390 4219 lubus
408 4161 573 4220 sestertium
595 4171 783 4221 numerarent
800 4169 908 4240 poetoe.
938 4157 1097 4218 Proverbis
1117 4156 1303 4238 (Legendum

316 4255 450 4329 arbitror,
465 4245 592 4317 doerbia
613 4257 680 4316 Vid.
694 4275 782 4336 supra
798 4257 837 4316 ad
860 4267 1024 4334 argument.
1047 4255 1141 4314 Andr.
1155 4273 1224 4334 pag.
1232 4259 1303 4318 249.

314 4350 366 4429 L.)
378 4353 470 4413 multa
491 4372 572 4432 saepe
591 4353 790 4432 pronunciata,
809 4363 841 4412 et
855 4351 970 4412 cantica
989 4370 1066 4430 soepe
1080 4350 1196 4409 mutatis
1209 4351 1303 4410 modis

315 4448 447 4510 exhibita
471 4459 548 4511 aunt.
587 4448 762 4530 Προτατικόν
782 4453 932 4529 πρόσωπον
955 4467 1095 4527 nusquam
1120 4447 1227 4506 habet:
1249 4445 1302 4506 sed

314 4544 374 4606 suis
386 4555 498 4608 tantum
511 4545 642 4628 personis
655 4545 754 4605 utitur.
795 4545 831 4604 ln
853 4546 909 4607 hac
929 4543 1083 4607 Terentius
1107 4541 1236 4603 delectat
1257 4541 1300 4601 fa·

346 4653 407 4690 vor..
425 4655 444 4692 ι.
802 4642 845 4687 22
