3242 5559
376 784 466 847 lxxxii
705 784 767 846 DE
792 782 1036 847 trininno,

376 966 566 1045 docebcrnua)
585 966 731 1027 theanum
743 965 831 1027 luiraa
849 967 880 1027 iu
896 964 1070 1028 notoncurt
1082 963 1206 1045 figuram
1223 966 1369 1045 compoti·

341 1104 346 1115 ·
375 1074 447 1139 tum,
461 1075 548 1144 atque
562 1064 603 1124 ita
612 1058 832 1136 conformatum,
846 1074 881 1124 ut
892 1084 978 1145 oeque
997 1075 1098 1145 gerum
1109 1062 1317 1143 prospicerent,
1330 1082 1367 1123 ar

374 1180 464 1223 roceo
482 1160 616 1221 audirent
629 1160 702 1240 (tine
718 1162 842 1220 tumultu
854 1161 965 1240 mmen)
979 1162 1028 1243 qui
1041 1160 1080 1221 ad
1092 1160 1185 1221 latera
1197 1168 1229 1220 ct
1239 1159 1271 1219 in
1287 1178 1366 1221 aum·

375 1258 430 1319 mir
447 1258 584 1319 rederent
606 1258 753 1337 gradibus,
773 1268 861 1336 atque
879 1258 911 1337 ii,
930 1258 981 1336 qui
1000 1256 1110 1316 inimic
1129 1261 1215 1331 brata
1235 1274 1364 1317 ocenum.

377 1354 495 1415 emm
504 1372 611 1415 vocure
624 1353 738 1414 videtur
752 1354 862 1414 Plinius
879 1354 977 1414 locum
990 1353 1022 1413 in
1040 1354 1165 1424 dicatum
1179 1352 1318 1432 gradibus
1330 1368 1367 1412 ac

375 1450 491 1513 tedibua
500 1460 698 1511 conatructum
712 1460 799 1530 atque
812 1450 1014 1530 compositum,
1029 1449 1059 1508 in
1067 1442 1134 1529 'quo
1143 1450 1263 1509 tederet
1273 1466 1365 1529 popu·

373 1548 430 1609 lua.
471 1548 572 1609 Cauca
586 1550 651 1628 ipra
666 1547 771 1627 (inquit
790 1547 829 1606 de
847 1546 964 1607 theatro
983 1545 1099 1624 Scauri)
1119 1545 1198 1627 cepit
1214 1542 1364 1605 homimum

374 1644 526 1724 octoginta
534 1644 636 1704 millia:
651 1662 717 1703 cum
728 1643 859 1725 Pompeii
871 1642 978 1703 theatri
988 1642 1044 1723 (aio
1053 1642 1131 1703 enim
1140 1640 1295 1721 legendum
1306 1652 1366 1703 crte

372 1758 441 1801 uam
459 1740 777 1821 nunqumrompeim
789 1740 1032 1820 amphitheatrum
1045 1737 1149 1817 edidit)
1165 1738 1253 1799 totiea
1270 1737 1368 1798 multi·

373 1838 483 1917 plicata
495 1838 576 1909 urbe,
597 1846 739 1915 tantoque
750 1842 860 1913 majore
876 1837 995 1917 populo,
1014 1835 1135 1897 sufficiat
1146 1836 1228 1916 large
1241 1835 1367 1917 quadra-

372 1933 454 2013 ginta
472 1932 562 1993 millia
584 1932 697 1993 redere.
741 1932 806 1993 Nisi
825 1934 916 1995 mavia
936 1930 1207 2014 caveam'accipere
1229 1952 1287 2013 pro
1303 1940 1367 1993 tota

371 2029 478 2089 theatri
489 2028 661 2108 capacitate,
670 2039 702 2087 ut
711 2028 798 2089 etiam
809 2048 928 2091 menam
934 2030 1028 2110 ipram
1037 2029 1277 2111 comprehendas,
1285 2026 1366 2108 qnod

372 2134 471 2186 tomen
489 2124 584 2185 minus
603 2126 794 2206 probaverim.
837 2128 950 2188 Gradena
961 2138 1060 2187 autem
1073 2126 1247 2187 dicebantur
1258 2126 1290 2185 in
1301 2126 1365 2205 ipaa

370 2222 476 2285 leniter
489 2224 636 2302 pendente
648 2222 754 2284 theatri
768 2224 871 2297 forma,
881 2224 967 2286 aeder
979 2223 1113 2305 lapidem,
1126 2222 1157 2282 in
1168 2222 1365 2301 hemicyclum

370 2321 458 2385 ctiam
482 2331 650 2395 exstructae,
675 2320 816 2401 equibus
839 2320 993 2381 commode
1012 2318 1209 2399 prospiciebat
1228 2318 1365 2400 populur-

370 2416 526 2501 Superbia
538 2420 675 2499 gradibus
693 2420 777 2498 (quoa
796 2438 856 2479 non
874 2416 997 2497 amplius
1009 2415 1177 2497 quindecim
1190 2434 1257 2475 eaae
1269 2420 1365 2491 conja-

372 2516 474 2594 cimus)
485 2516 628 2576 cedebant
638 2526 831 2595 spectatores,
842 2525 873 2575 et
888 2514 928 2573 ad
941 2532 993 2574 eoa
1004 2512 1209 2592 undecumque
1221 2530 1366 2572 commea-

368 2614 449 2685 bant,
460 2612 539 2672 nullo
550 2613 624 2671 inter
638 2611 895 2672 conscendendum
907 2609 992 2669 alteri
1005 2627 1114 2668 noxam
1133 2607 1283 2669 afferente.
1323 2607 1363 2667 11·

368 2708 417 2770 luc
431 2720 529 2769 autem
540 2726 595 2788 per
607 2727 715 2768 cuneos
728 2707 920 2777 accedebant,
934 2705 984 2784 qui
1001 2716 1064 2763 tum
1077 2705 1107 2763 in
1118 2704 1178 2764 ima
1194 2704 1301 2765 theatri
1315 2722 1364 2764 ca·

369 2824 434 2877 rea,
444 2816 508 2863 tum
522 2803 609 2863 ειίαπι
619 2821 705 2882 supra
718 2802 819 2881 ipram,
833 2801 911 2861 adeo
923 2801 1073 2881 ingenioae
1085 2800 1256 2861 contonam
1269 2812 1363 2871 erant,

370 2912 404 2961 ut
418 2900 456 2960 ab
468 2900 502 2960 iia
515 2919 569 2980 per
578 2900 649 2959 elioa
659 2898 783 2958 scalares
797 2897 905 2975 gradua
918 2891 961 2957 *ad
973 2896 1133 2977 quemlibet
1146 2898 1270 2976 gradum
1281 2916 1366 2978 epec-

370 2995 505 3055 tatorium
517 2994 613 3054 facilia
626 3003 742 3074 pateret
754 2994 920 3056 edacem
963 2992 1048 3052 Conci
1059 2993 1293 3072 epectaculonm
1311 2993 1365 3074 (in

371 3094 435 3172 quit
447 3091 607 3169 wumvim)
624 3092 653 3149 in
671 3092 785 3151 theatro
799 3091 839 3151 ita
851 3090 1027 3162 dividantur,
1050 3089 1093 3149 uti
1113 3091 1212 3170 rugarli
1234 3091 1363 3171 trigono·

347 3210 444 3261 rum,
468 3190 520 3270 qui
543 3198 663 3249 currunt
685 3188 795 3249 circum
812 3196 996 3249 curvaturam
1015 3186 1220 3260 circiuadonia,
1240 3187 1366 3267 dirigant

368 3304 517 3359 arcentur,
530 3286 680 3367 acalaaque
693 3285 769 3346 inter
791 3304 901 3347 cnneoo
920 3282 958 3344 ad
976 3283 1099 3363 primam
1116 3283 1362 3363 praecinctionem.

369 3380 465 3465 Supra
477 3393 577 3444 autem
590 3382 707 3443 alternis
727 3382 878 3443 itineribus
898 3381 1062 3461 superiores
1081 3380 1167 3441 cunei
1187 3380 1277 3441 medii
1295 3381 1364 3441 diri·

368 3490 484 3558 gantur.
526 3478 620 3541 cunei
634 3480 664 3537 in
678 3480 737 3538 imo
746 3478 904 3557 diiigenter
917 3478 1048 3548 rodoma,
1065 3488 1150 3537 mant
1161 3496 1283 3537 numero
1296 3496 1363 3559 aep-

367 3586 440 3637 tem.
480 3575 596 3635 Gradus
617 3575 861 3653 spectaculorum,
880 3573 922 3632 uti
935 3572 1071 3633 aubrellia
1092 3572 1262 3653 compotita,
1279 3584 1364 3634 eram

368 3669 533 3731 nonminua
546 3668 597 3728 alti
607 3669 705 3748 palmo
717 3670 804 3749 pede,
824 3689 883 3730 non
896 3670 963 3750 plna
975 3669 1054 3750 pede
1067 3680 1100 3729 et
1110 3669 1209 3749 digitio
1222 3688 1284 3741 aar,
1297 3669 1363 3730 lati·

366 3766 484 3826 tudiuca
492 3784 593 3825 eorum
601 3764 906 3845 uonpluapedeaduoo
913 3765 1279 3846 aemia,nonminuapedea
1287 3766 1362 3827 duca

368 3846 634 3933 corratituebuutur,¹
643 3874 676 3921 ut
685 3881 738 3942 per
749 3863 779 3922 id
787 3864 912 3943 apetium
925 3861 1021 3933 letina,
1033 3881 1085 3922 acu
1098 3880 1153 3942 per
1162 3862 1362 3939 ambulacrum

368 3957 525 4039 quoddm‚
535 3958 616 4017 nullo
624 3958 752 4037 negotio,
764 3958 822 4019 huc
832 3971 919 4039 atque
929 3959 1010 4036 illuc,
1020 3958 1058 4018 ad
1068 3978 1176 4019 uacuae
1185 3958 1270 4019 redeo
1277 3959 1362 4020 dcer-

288 4102 291 4107 .
366 4065 445 4115 raret
453 4053 587 4134 populua,
596 4054 705 4134 absque
714 4074 814 4115 eorum
822 4056 1022 4133 incommodo,
1030 4056 1080 4135 qui
1085 4058 1148 4134 jam
1156 4058 1363 4119 conaediaacnt.

366 4150 438 4209 Post
449 4160 510 4211 trea
523 4170 643 4231 quoque
655 4151 784 4230 singulos
792 4152 909 4231 maduo,
920 4153 970 4232 qui
987 4164 1106 4232 quartur
1115 4151 1146 4211 in
1156 4151 1289 4214 ordinem
1296 4174 1361 4214 auc·

366 4246 504 4320 cedebat,
515 4245 606 4327 duplo
615 4247 700 4307 latior
711 4258 773 4307 erat
784 4250 910 4322 cauteria,
921 4251 960 4310 ad
969 4249 1107 4310 leviorem
1116 4248 1221 4309 theatri
1229 4249 1361 4330 proclivi·

364 4338 467 4416 utem,
479 4354 510 4405 et
520 4355 554 4403 ut
566 4342 687 4423 cingulis
699 4344 850 4404 ordinibur
860 4346 966 4425 cinguli
976 4358 1036 4406 trea
1045 4346 1153 4425 gradus
1162 4345 1361 4427 relinqueren-

365 4449 423 4498 tur.
454 4440 504 4499 Ac
515 4459 554 4501 nc
562 4440 704 4519 petulanti
710 4452 760 4501 aut
771 4441 906 4503 insolenti
914 4444 1022 4523 populo
1032 4453 1153 4521 propter
1168 4444 1256 4503 aedaa
1269 4461 1360 4522 quan·

364 4535 472 4595 tumria
483 4554 604 4597 aoccaau
609 4534 720 4607 faciles,
735 4536 916 4615 praeberetur
923 4540 995 4599 rixoe
1004 4555 1104 4611 cauta,
1112 4548 1231 4601 caunum
1245 4550 1310 4600 orat
1320 4557 1360 4599 ua

364 4630 485 4711 quilibet
495 4630 708 4712 inquibuslibet
718 4632 855 4693 cederem
864 4636 1023 4715 gradibus:
1045 4634 1360 4716 redintribuaprimia‚

365 4727 416 4808 dui
425 4728 552 4811 proximi
566 4740 663 4791 ment
671 4749 768 4793 ruente
774 4730 899 4813 pulpito,
910 4731 1093 4816 empl‘naimae
1105 4740 1137 4795 et
1146 4744 1285 4793 extrem
1295 4732 1360 4813 dig.
