3242 5559
476 764 675 831 vlcuon.
696 763 761 826 DE
783 763 1034 828 GOMOEDIA.
1194 766 1256 829 lxiii

227 990 237 1001 .
262 946 381 1017 initium,
396 957 429 1005 ut
443 948 530 1007 etiam
549 966 567 1007 a
583 946 697 1007 Latinis
710 947 742 1007 in
754 946 908 1027 prasentia
924 947 1099 1008 celebretur.
1139 947 1255 1008 Verun-

260 1054 356 1104 tamen
369 1062 427 1122 ego
441 1046 613 1105 comoediam
630 1045 770 1106 Graecum
791 1064 857 1105 esse
874 1044 1026 1148 iurenpum
1046 1045 1164 1106 minime
1180 1047 1257 1107 arbi·

260 1151 340 1201 tmr:
361 1158 458 1221 neque
473 1144 518 1221 (ut
537 1142 665 1203 Thomas
685 1143 840 1223 Magister,
860 1152 893 1203 et
910 1134 978 1201 eum
997 1142 1102 1215 secuti,
1121 1143 1258 1205 ridentur

259 1237 413 1314 neumare)
435 1238 473 1298 ab
497 1238 633 1317 agricolis
657 1240 763 1301 civium
783 1240 903 1316 injurias
922 1241 1170 1322 conquerentibus
1191 1260 1257 1303 esse

260 1334 429 1394 derivatam.
471 1336 541 1395 Hoc
559 1355 665 1416 nempe
686 1356 804 1398 eausam
816 1338 989 1419 asperitatis,
1004 1350 1037 1399 et
1051 1338 1214 1419 jurgiorum
1226 1338 1259 1399 in

260 1422 364 1493 veteri
383 1432 528 1493 comoedia
550 1434 664 1494 reddit:
691 1454 779 1515 quam
802 1455 874 1495 mox
897 1436 951 1515 ipsi
974 1437 1063 1516 longe
1084 1436 1170 1497 aliam
1190 1454 1258 1496 essa

259 1527 446 1589 docebimus:
467 1548 564 1609 neque
577 1531 694 1591 videtur
709 1532 878 1614 quicquam,
898 1544 932 1591 ιιι
951 1554 1029 1603 reor,
1047 1535 1087 1593 ad
1107 1533 1258 1593 comeda

259 1625 417 1705 primordie
436 1627 600 1705 pertinere:
623 1628 759 1707 quoniam
786 1628 935 1708 Orpheus,
960 1648 1049 1708 quem
1069 1639 1186 1689 constat
1205 1647 1259 1709 per

259 1734 376 1783 centum
398 1724 521 1803 amplius
542 1742 634 1785 annos
663 1736 731 1785 ante
753 1726 874 1801 Trojani
895 1725 967 1785 belli
989 1736 1122 1805 tempora
1140 1726 1258 1798 vixisse,

261 1820 317 1879 sub
326 1819 532 1882 Laomedonte
549 1822 673 1894 scilicet,
693 1842 729 1883 ac
744 1823 869 1884 Athenis
881 1822 980 1903 AEgeo
993 1822 1166 1903 imperante,
1181 1822 1259 1884 Bac·

258 1916 304 1976 chi
317 1918 458 1998 mysteria
471 1920 509 1979 ab
524 1918 671 2000 AEgyptiis
684 1920 789 1981 tralata
801 1920 860 1980 suis
878 1919 1096 1980 Thracenssbus
1109 1918 1258 1979 indicarit.

260 2014 352 2095 Atqui
366 2014 528 2088 comoedioe,
543 2017 791 2097 quemadmodum
812 2016 892 2079 idam
911 2019 1014 2078 amerit
1028 2018 1168 2088 Therone,
1181 2015 1259 2077 reris

259 2121 392 2193 tempore
419 2113 449 2171 in
476 2114 710 2175 Bacchanalibus
733 2116 907 2194 agebantur.
956 2115 1047 2175 Unde
1069 2115 1157 2174 etiam
1179 2114 1259 2193 apud
1284 2100 1291 2121 '

261 2208 411 2269 Romanoa
439 2227 489 2270 are
512 2211 622 2272 Libero
640 2212 717 2292 patri
739 2230 825 2272 sacra
850 2212 881 2270 in
908 2212 1015 2270 dextro
1036 2212 1128 2270 latera
1149 2228 1259 2283 scenae,

261 2306 506 2385 quemadmodum
520 2309 714 2377 admonetur,
725 2310 772 2365 vel
781 2308 950 2375 orchestrae,
965 2316 1000 2364 ut
1012 2306 1128 2377 Pollux,
1143 2326 1259 2387 semper

258 2404 434 2481 erigebatur,
449 2404 531 2481 qnod
544 2404 704 2461 maximum
719 2412 765 2461 est
777 2412 992 2480 argumentum,
1013 2421 1031 2462 a
1049 2403 1162 2463 Bacchi
1179 2422 1259 2483 mys.

258 2501 337 2561 teriis
351 2519 438 2561 omne
452 2500 615 2559 fabularum
637 2516 731 2577 genus
744 2515 812 2557 esse
826 2498 1022 2576 depromtum.
1062 2499 1102 2558 Id
1116 2498 1259 2559 Horatius

256 2598 357 2670 innuit,
379 2617 471 2677 quum
492 2606 686 2675 spectatorem
711 2605 743 2654 et
764 2594 854 2654 sacns
873 2593 1021 2666 sunctum,
1045 2606 1076 2655 et
1089 2606 1192 2676 potum
1205 2615 1258 2677 ap-

258 2694 356 2775 pellat.
404 2693 463 2753 Par
482 2703 526 2753 est
545 2692 633 2771 igitur
649 2690 792 2762 arbitrari,
803 2690 898 2771 prima
915 2691 1067 2752 comoediar
1081 2692 1194 2753 semina
1204 2712 1258 2773 pes

259 2791 411 2873 Orpheum
423 2792 462 2851 ab
482 2790 615 2870 AEgypto
628 2788 660 2847 in
679 2787 829 2849 Graeciam
840 2788 931 2849 irrisae
945 2788 1061 2851 delatas
1081 2790 1162 2851 unde
1178 2808 1258 2850 com·

258 2892 343 2971 plura
352 2908 412 2950 non
427 2887 565 2969 Orpheus
579 2887 677 2959 modo,
691 2904 794 2947 rerum
804 2896 837 2945 et
849 2884 1128 2945 aliitranstulerunt·
1169 2886 1258 2946 Cale·

257 2989 324 3048 hres
338 2986 416 3047 enim
427 2995 512 3046 crant
522 2994 552 3045 et
567 2982 725 3044 Phoenicia
735 2981 829 3041 literas
841 2980 970 3043 nondum
984 2982 1100 3043 Grecis
1107 2980 1259 3043 sexdecim

257 3102 277 3143 a
290 3083 449 3144 Palamede
462 3082 582 3163 Nauplii
595 3082 655 3141 filio
669 3078 875 3158 configuratio:
897 3097 934 3139 ac
946 3078 1064 3159 plurimi
1076 3080 1176 3140 stadis
1188 3098 1259 3160 poe·

256 3182 329 3243 tices
350 3182 552 3243 habebantur:
578 3179 762 3260 proindeque
782 3175 929 3255 sapientes
947 3174 990 3235 illi
1010 3176 1139 3237 numeris
1159 3176 1259 3237 omnia

258 3279 491 3360 componebant:
516 3296 582 3357 quse
604 3296 664 3337 nna
685 3294 753 3335 cum
773 3272 889 3333 caeteris
913 3272 990 3354 apud
1014 3284 1077 3333 tum
1099 3274 1257 3353 AEgyptios

257 3374 390 3434 floruisse
403 3394 491 3435 neruo
505 3376 582 3434 bene
593 3374 699 3433 doctus
713 3369 861 3431 dubitarit
903 3368 973 3429 Non
987 3368 1146 3428 defuerunt
1158 3370 1257 3442 edam,

259 3474 307 3551 qui
321 3472 485 3533 fabularum
495 3472 577 3531 initia
583 3470 693 3532 Siculis
704 3466 915 3545 adjudicarent,
923 3465 1169 3546 quemadmodum
1177 3465 1258 3525 Aris·

258 3568 364 3627 toteles
379 3566 408 3625 in
423 3566 553 3627 Poeticis
571 3566 621 3636 sit,
647 3563 783 3645 quoniam
799 3564 994 3643 Epicharmus
1012 3561 1193 3623 comicorum
1206 3582 1258 3622 an·

260 3662 437 3741 tiquissimus
457 3672 548 3743 poeta
565 3661 644 3720 illinc
663 3672 740 3721 esset
760 3661 909 3721 oriundus.
955 3662 1159 3740 Syracusanus
1180 3660 1258 3721 enim

259 3776 360 3818 revera
371 3759 439 3832 fuit,
453 3756 646 3839 duplicesque
665 3757 841 3819 Graecorum
859 3759 957 3819 literas
978 3760 997 3827 ζ
1006 3757 1176 3838 ξχριίιιιιιε
1195 3778 1257 3818 onr-

259 3854 339 3913 uium
350 3854 538 3933 excogitavit,
552 3854 627 3914 sicut
639 3853 669 3912 in
683 3854 792 3915 Iliados
812 3856 894 3932 alpis
915 3854 1131 3914 Grammaticus
1145 3854 1257 3915 Joban·

259 3969 311 4009 nes
324 3952 426 4011 solerti
439 3951 484 4011 rir
496 3951 614 4029 ingenio
632 3970 748 4013 mecum
769 3952 876 4012 sentite
896 3951 948 4010 ubi
961 3951 1065 4029 longas
1083 3976 1101 4023 η
1118 3960 1149 4011 et
1168 3977 1190 4010 o
1205 3972 1258 4031 per

262 4046 439 4109 Simonidem
454 4058 573 4128 poetam
585 4047 616 4106 in
633 4046 729 4107 insula
748 4046 824 4111 Chio
842 4058 943 4108 natum
958 4046 1058 4108 scribit
1072 4066 1138 4108 esse
1150 4047 1258 4109 forma·

259 4154 312 4219 tas,
334 4145 583 4224 aspiraturumque
607 4144 793 4206 characteres
815 4144 838 4204 θ
858 4158 919 4229 pq
941 4143 1055 4205 Cadmo
1075 4144 1118 4203 illi
1137 4144 1257 4205 Milesio

259 4250 382 4303 testatur
394 4241 524 4302 effictos:
545 4241 617 4301 licet
632 4243 698 4302 hanc
719 4242 828 4303 Plinius
842 4241 1082 4322 quinquagesimo
1094 4252 1179 4302 sexto
1192 4241 1257 4301 libri

259 4338 370 4417 septimi
385 4338 482 4418 capite
496 4338 584 4417 longe
598 4338 683 4399 aliter
694 4340 811 4399 tradate
832 4336 885 4399 nisi
903 4337 943 4399 sit
955 4358 1038 4399 error
1053 4339 1083 4397 in
1097 4338 1255 4410 codicibus,

261 4446 308 4494 ant
320 4435 420 4497 Graeci
432 4436 487 4516 ipsi
501 4454 559 4495 non
578 4436 647 4496 satis
671 4436 725 4497 sibi
748 4445 892 4506 constent,
912 4454 985 4515 quos
1004 4436 1055 4496 ille
1073 4435 1256 4515 potissimum

259 4529 346 4591 luerit
358 4543 486 4617 secutus.
529 4533 625 4593 Satius
643 4544 742 4595 tamen
760 4534 885 4594 arbitror
898 4533 964 4593 haec
983 4532 1129 4593 elementa
1141 4529 1258 4609 singula

258 4626 378 4708 singulis
388 4628 587 4691 inventoribus
600 4628 754 4693 addixisse.
796 4630 844 4691 Ea
855 4630 947 4710 igitur
957 4629 1161 4711 aegrotantium
1178 4646 1256 4687 som·

259 4725 307 4789 nia
319 4730 534 4810 pretermittas.
575 4726 1065 4809 UnumbocsoiensabAEscbylo,
1079 4723 1256 4806 aequisona
