3242 5559
459 762 641 827 VICTOR
677 762 740 823 DE
765 762 1026 825 .COMOEDIA.
1188 764 1246 824 lxxi

247 944 346 1025 gratia
363 955 516 1025 receptum
528 955 592 1006 eut.
627 944 752 1005 Deinde
770 943 865 1025 spatio
883 962 985 1004 novem
997 962 1139 1003 annorum
1154 943 1244 1003 inter·

247 1046 339 1118 jecto,
362 1044 397 1104 C.
420 1042 539 1102 Naeuius
559 1042 628 1102 data
646 1041 745 1101 fabula
757 1041 909 1121 spectandi
924 1039 1035 1119 copiam
1053 1039 1133 1098 fecit.
1174 1042 1247 1101 Poot

245 1154 320 1197 eum
334 1138 465 1212 Plautus,
486 1157 560 1197 anno
580 1138 642 1198 fera
664 1136 911 1214 decimoquinto:
932 1136 1055 1196 subinde
1067 1135 1194 1195 seriatim
1207 1139 1247 1204 0„

255 1233 376 1306 Ennius,
399 1235 536 1295 Caecilius
557 1244 587 1293 et
611 1233 928 1304 Terentinafloruere:
956 1242 1058 1312 postea
1077 1252 1135 1291 non
1155 1233 1248 1293 multo

254 1331 412 1405 Pacuvius,
434 1330 484 1411 qui
501 1336 564 1407 jam
582 1330 786 1391 oenex·Accio
804 1329 903 1389 cessit.
944 1329 1098 1389 Postremo
1117 1327 1247 1391 Lucilius

254 1425 318 1499 fuit,
334 1426 384 1507 qui
393 1428 520 1487 medium
533 1426 612 1489 illud
619 1436 830 1506 argumentum,
844 1426 993 1487 lacerandi
1002 1426 1114 1487 scilicet
1126 1426 1248 1487 aliorum

255 1534 401 1602 meinata,
415 1525 590 1586 sectabatur.
631 1525 722 1585 Hunc
734 1524 812 1585 'enim
826 1522 940 1583 Gellius
955 1524 987 1582 iu
999 1523 1131 1595 Accium,
1147 1534 1178 1583 et
1191 1524 1248 1583 Pa·

255 1620 372 1681 curium
396 1640 501 1700 magne
521 1622 609 1683 laude
630 1621 729 1681 stilum
751 1621 920 1680 exercuisse
940 1630 1074 1681 testatur.
1124 1620 1250 1683 Fabulae

256 1717 344 1797 igitur
358 1718 456 1778 lotide
470 1718 577 1779 Graeco
598 1717 704 1798 petitae
725 1723 906 1795 argumento,
925 1715 1038 1777 Latinio
1057 1717 1165 1777 talibus
1179 1738 1250 1777 con·

256 1814 318 1873 dire
332 1823 513 1875 statuerunt:
534 1814 777 1894 quemadmodum
792 1812 823 1871 in
837 1812 977 1884 Terentii,
998 1813 1045 1873 vel
1059 1813 1164 1886 Plauti,
1184 1834 1250 1893 quoe

256 1909 508 1981 circumferuntur,
523 1910 627 1971 fabulis
641 1910 815 1987 petridem:
836 1927 1000 1988 novamque
1012 1909 1128 1989 peoiuu
1141 1930 1252 1972 comce-

258 2006 334 2066 diam
357 2017 426 2067 eunt
440 2006 553 2080 imitati,
572 2008 681 2067 nullam
695 2006 776 2069 chori
789 2007 973 2067 modulantes
987 2006 1178 2069 cantilenam
1197 2007 1253 2069 ted

255 2111 334 2165 actu
352 2104 397 2181 (ut
415 2102 456 2163 ait
470 2102 644 2183 Porphyrii)
657 2103 791 2163 tibiarum
805 2114 951 2163 concentu
969 2102 1146 2166 dirimentes.
1189 2105 1250 2167 Ubi

258 2199 496 2278 operaepretium
519 2210 564 2276 eet
585 2198 816 2260 animadvertere
837 2200 921 2260 tibiae
941 2200 1023 2261 chori
1044 2201 1251 2282 proprietatem

258 2294 394 2354 aemulari.
435 2295 512 2355 Nam
531 2298 575 2376 (ut
589 2306 689 2356 auctor
711 2306 755 2355 eet
772 2296 920 2374 Donatus)
940 2316 1006 2376 quoe
1023 2296 1132 2358 fabulae
1147 2319 1251 2378 gravet

257 2390 432 2451 haberentet
454 2402 485 2452 et
504 2412 624 2463 severa,
646 2392 721 2451 tibiis
739 2392 849 2451 deutris
866 2392 915 2471 agi
935 2403 1164 2454 consueverunt:
1184 2416 1251 2474 quar

258 2508 326 2548 vero
335 2488 411 2564 jocia
425 2498 455 2549 et
467 2490 578 2549 urbane
592 2489 675 2549 dictis
692 2488 822 2566 undique
834 2497 990 2562 scaterent,
1009 2490 1146 2549 continuo
1169 2490 1252 2551 ainis·

260 2584 319 2645 trio.
360 2585 467 2645 Pollux
483 2585 560 2645 enim
578 2595 678 2644 auctor
700 2595 745 2644 eat
765 2583 893 2664 quinque
913 2584 982 2645 olim
1002 2586 1033 2644 in
1050 2605 1141 2647 oceno
1148 2592 1252 2662 janum

259 2682 405 2752 extitisee3
424 2702 545 2762 quarum
558 2680 654 2741 media
675 2679 750 2740 illius
772 2682 890 2741 omnino
907 2681 1083 2741 domicilium
1097 2680 1184 2758 estet,
1205 2687 1254 2766 qui

259 2778 363 2857 primas
376 2778 407 2838 in
419 2778 519 2839 sabula
534 2788 631 2857 partes
646 2777 783 2837 heberet:
804 2778 906 2849 altera,
927 2778 1030 2839 dextra
1045 2778 1165 2852 scilicet,
1185 2780 1254 2843 buic

258 2876 400 2955 proxima,
421 2876 497 2954 illius
511 2894 576 2935 esse
592 2874 752 2958 consuevit,
773 2874 821 2933 cui
834 2884 931 2953 partes
945 2874 1084 2936 darentur
1096 2879 1253 2939 secundat:

257 2972 356 3047 tertia,
377 2972 503 3047 sinistra,
524 2971 571 3030 vel
585 2970 711 3030 maxime
725 2971 829 3043 tenuis,
847 2982 899 3031 aut
913 2970 1020 3030 nullius
1037 2983 1100 3033 erat
1112 2994 1254 3053 pemonoe,

261 3069 307 3129 vel
322 3069 489 3145 ⁸deculatum
509 3068 626 3147 aliquod
648 3068 800 3127 simulabat
822 3067 974 3127 sacellum.
1017 3069 1061 3127 At
1080 3069 1256 3149 reliquarum

262 3166 368 3243 dextra
388 3184 439 3226 eoo
463 3165 595 3225 emittere
607 3164 730 3237 solebat,
751 3163 883 3243 quinon
902 3165 939 3224 ab
960 3165 1043 3239 urbe,
1062 3165 1116 3225 oed
1139 3166 1257 3230 aliunde

260 3262 529 3341 proficiscerentur:
551 3261 666 3322 sinistre
677 3250 748 3319 vero
763 3270 875 3331 contra,
895 3271 1038 3339 quotquot
1046 3254 1190 3334 uenirent,
1208 3284 1257 3323 ur·

259 3360 351 3419 banos
363 3357 556 3438 producebat.
598 3358 649 3418 Ab
668 3356 725 3415 hac
740 3358 784 3437 (ut
797 3355 932 3434 arbitror)
949 3358 1012 3433 eju·
1031 3356 1138 3417 fabule
1150 3358 1257 3419 chotun

260 3455 377 3535 prodire
392 3455 552 3527 consuevit,
572 3474 646 3535 quea
662 3453 778 3525 salibus,
797 3452 930 3532 Jocioque
943 3451 1055 3517 referta
1065 3472 1130 3513 eoae
1143 3454 1257 3516 videre·

262 3562 318 3613 tur.
361 3551 488 3631 Quippe,
510 3552 590 3632 quod
611 3550 708 3611 facete
727 3548 842 3622 dicitur,
861 3549 989 3609 solemus
1001 3549 1142 3609 urbanum
1156 3554 1257 3633 appel-

262 3650 333 3710 lare.
377 3647 489 3709 Verum
509 3651 546 3709 ab
566 3648 667 3719 altera,
688 3646 712 3707 oi
734 3644 857 3705 rusticos
878 3644 978 3705 fabule
997 3646 1168 3722 contineret,
1189 3670 1259 3729 qua·

264 3748 330 3807 dam
344 3764 455 3818 severa,
477 3746 617 3825 gravique
631 3742 816 3824 simplicitate
828 3742 934 3801 chorae
948 3742 1144 3804 emittebatur.
1185 3746 1257 3807 Ete-

263 3845 389 3906 ulmeos
406 3842 587 3924 potissimum
609 3840 733 3901 rusticos
751 3858 899 3911 vocamus,
926 3840 977 3919 qui
998 3859 1115 3919 temper
1132 3842 1257 3904 obducto

264 3941 419 4023 supercilio
430 3938 552 4001 facetiae
563 3948 739 3999 aversantur.
781 3936 869 3995 Unde
880 3935 1053 3996 Palamedes
1066 3938 1145 4017 apud
1157 3939 1257 4000 Pbilo-

263 4050 384 4099 otratum
394 4038 431 4097 ab
444 4036 562 4097 Achille
576 4034 681 4094 dicitur
693 4036 886 4110 ἀγριώτερος,
906 4031 1041 4111 quoniam
1054 4044 1160 4095 uteret
1173 4037 1257 4096 undi-

264 4152 457 4215 unebertum,
477 4132 508 4190 in
521 4130 633 4191 deliciis
649 4130 737 4190 etiam
750 4128 821 4187 nibil
833 4128 964 4188 heberet.

305 4232 462 4302 Caeterum,
489 4227 560 4288 licet
582 4225 674 4287 multa
695 4226 753 4286 aiut
773 4246 884 4307 genera
906 4224 1051 4296 tibiarum,
1079 4235 1178 4287 tamen
1199 4230 1257 4290 duo

265 4318 577 4406 ecenampotieeimum
598 4322 834 4403 frequentabunt,
856 4321 993 4383 videlicet
1010 4321 1167 4402 Pbrygiae:
1188 4346 1259 4405 qua·

265 4416 509 4483 tumst-nonnullae
540 4419 625 4479 modo
652 4419 771 4493 dextre,
802 4418 889 4479 modo
915 4418 1037 4478 oiniotroe
1062 4420 1257 4498 ponebantur.

266 4517 401 4597 Dextrae,
422 4514 488 4600 quae
501 4517 630 4577 foramen
642 4517 759 4577 unicum
771 4516 933 4576 baberent:
953 4514 1084 4588 ainiotroe,
1106 4536 1172 4596 quae
1187 4518 1258 4577 duo·

265 4614 433 4699 bueeeeent
444 4614 632 4676 foraminibus
645 4614 800 4675 distinetur.
840 4612 956 4692 Quippe
970 4611 1088 4673 Servius
1098 4612 1259 4672 Varronem

265 4724 394 4787 aecum,
406 4713 613 4793 duaaimpareo
625 4709 975 4792 cavernaehujuocemodi
987 4708 1159 4770 dbiiefuiaoe
1169 4718 1258 4768 teutu-
