3242 5559
493 770 677 839 VICTOR
709 774 774 839 DE
804 777 1048 839 COMOEDIA.
1202 779 1271 843 lxvii

273 951 378 1015 moedia
394 946 517 1033 jambos,
538 968 570 1016 nt
591 948 744 1037 plurimum
761 958 848 1030 solet,
865 950 999 1038 usurpat·
1021 958 1267 1060 quemadmodum

273 1071 292 1110 a
289 1044 439 1125 Stobseo,
461 1052 630 1126 Plutarcho,
658 1054 756 1115 Gellio
783 1055 874 1115 citata
891 1051 1055 1176 Menandri·
1068 1051 1195 1116 mrnrina
1216 1057 1269 1116 de.

273 1158 443 1207 monstrant.

310 1244 400 1304 Binas
427 1255 564 1324 apparatu
584 1246 760 1309 differentias
782 1248 914 1309 extitisse
932 1249 1112 1327 grammatici
1139 1252 1268 1313 tradide-

272 1350 349 1411 runt,
371 1360 437 1400 cum
450 1342 561 1402 scilicet
582 1343 611 1402 in
633 1344 771 1424 personis,
792 1356 854 1405 tum
876 1346 906 1403 in
929 1345 992 1425 ipsa
1005 1346 1090 1419 serie,
1111 1349 1267 1409 comoedia·

269 1428 390 1516 rnmque
404 1426 555 1499 contentu.
596 1440 744 1502 Platonius
761 1441 838 1502 enim
853 1453 954 1502 auctor
973 1453 1019 1502 est
1039 1444 1146 1504 veteris
1159 1464 1268 1505 comte·

271 1530 333 1591 dise
339 1544 448 1643 poetas·
462 1554 479 1595 e
500 1526 589 1596 scena
608 1536 708 1599 solitos
723 1558 786 1599 esse
806 1558 858 1625 eos
872 1539 999 1599 educere
1011 1552 1195 1619 personatos,
1216 1543 1267 1622 qui

272 1629 369 1689 statim
383 1646 427 1689 ex
441 1630 505 1711 ipsa
522 1632 600 1693 facie
613 1654 685 1713 quos
702 1644 799 1695 essent
812 1644 876 1693 ιοιο
889 1653 978 1714 opere
993 1635 1130 1745 carpmri,
1151 1646 1267 1715 specta-

272 1726 380 1785 toribus
393 1726 573 1788 indicarent.
594 1740 628 1789 ιιι
641 1751 665 1790 sr
656 1731 755 1791 forte
769 1730 833 1809 quis
848 1751 907 1790 non
921 1730 1021 1791 audire
1036 1732 1165 1792 carmina
1178 1753 1267 1812 coge·

272 1816 360 1893 retur,
382 1822 420 1882 de
433 1842 557 1902 persona
574 1816 682 1897 tamen,
704 1826 837 1905 quisnam
858 1836 935 1887 esset
953 1827 1138 1901 deridendus,
1159 1848 1266 1908 agnos·

254 1907 360 1976 cerat
403 1918 464 1980 Sed
483 1914 604 1981 οοιιιιοι
609 1924 786 1984 recentiores
810 1925 849 1983 ad
870 1924 1062 1984 excutiendos
1082 1925 1264 2003 potissimum

270 2015 353 2088 risus,
372 2014 544 2078 histrionum
557 2018 647 2079 facies
661 2010 886 2099 configuramur.
929 2018 979 2079 De
993 2020 1134 2080 industria
1146 2022 1265 2130 quidem

269 2122 448 2173 monstrosos
460 2113 608 2174 hominum
621 2106 717 2175 vultus
730 2115 869 2193 effingere
883 2105 1072 2187 conabantur,
1086 2136 1124 2177 ne
1138 2116 1263 2197 cuipiam

270 2198 343 2269 forte
357 2210 475 2270 l'ortune
488 2212 649 2271 Macedoni
659 2224 729 2272 tunc
737 2212 879 2291 praefecto
889 2210 996 2271 similes
1006 2232 1070 2271 esse
1082 2213 1276 2277 riderentur&

269 2306 449 2385 proindeque
462 2298 551 2367 misor¹
561 2308 610 2367 ille
623 2320 713 2388 poeta
724 2327 782 2367 non
795 2326 882 2367 secus
895 2326 931 2367 ac
947 2307 970 2366 si
988 2308 1144 2368 barbarum
1157 2311 1263 2388 princi·

270 2420 336 2479 pern
347 2403 417 2461 data
427 2422 517 2482 opera
529 2394 729 2475 subsannaret,
750 2404 867 2483 publice
877 2404 1069 2463 multaretur:
1091 2404 1165 2463 adeo
1178 2407 1263 2465 nobi·

269 2497 303 2557 lis
320 2497 372 2559 illa
392 2499 563 2560 Gr'aecorum
580 2488 714 2577 majestas
732 2499 851 2578 impuris
874 2500 1103 2577 obtemperabat.
1143 2502 1263 2581 Quippe
1290 2489 1294 2495 ’

269 2591 391 2655 distorta
404 2616 526 2689 corpora
543 2596 718 2657 Menander
730 2596 765 2677 (si
789 2595 923 2655 Platonio
933 2595 1095 2674 credimus)
1117 2597 1263 2677 planeque

270 2710 453 2752 communem
459 2693 608 2753 hominum
619 2690 792 2783 excedentia
801 2690 933 2750 naturam
943 2682 1073 2771 personis
1086 2693 1262 2768 imitabatur,

268 2788 400 2868 prolecto
413 2790 569 2869 sapienter,
591 2777 738 2900 quoniam,
760 2787 853 2866 inquit
871 2787 931 2858 ille,
952 2807 1011 2847 non
1016 2788 1123 2849 solum
1142 2790 1262 2863 malum,

269 2874 319 2944 sed
333 2896 364 2945 et
373 2886 441 2945 mali
454 2886 572 2946 vitanda
585 2896 630 2945 est
640 2885 773 2965 suspicio.
815 2883 903 2949 Quod
916 2894 1014 2943 autem
1027 2886 1065 2943 ad
1077 2885 1186 2945 fabulae
1196 2906 1263 2966 per-

269 2980 342 3041 tinet
361 2992 538 3053 contertum,
560 2982 666 3042 chorus
680 2982 709 3041 in
722 2990 870 3041 causaest
884 2998 936 3040 cur
946 2980 1022 3039 inter
1034 3000 1065 3040 se
1078 2991 1192 3041 veteres
1209 2998 1264 3041 nos

269 3077 352 3155 rique
373 3098 433 3137 non
447 3079 607 3157 quadrante
629 3079 865 3159 quandoquidem
882 3078 924 3137 illi
943 3079 1024 3139 vana
1045 3078 1179 3157 quaedam
1199 3089 1262 3138 mo·

270 3173 415 3235 dulamina
431 3177 641 3255 temperabant,
660 3196 726 3254 quae
746 3176 852 3235 chorus
871 3174 992 3253 singulis
1011 3175 1126 3234 actibus
1145 3173 1263 3234 interci-

267 3272 362 3329 nendo
375 3271 492 3351 plebem
502 3272 564 3333 sine
575 3271 674 3342 taedio,
696 3290 848 3379 quousque
859 3271 926 3330 novi
945 3270 1155 3348 egrederentur
1169 3270 1263 3328 histri-

270 3384 346 3439 ones,
362 3366 515 3428 detineret.
561 3368 692 3449 Populus
706 3368 782 3427 enim
794 3366 992 3436 Atheniensis,
1008 3376 1151 3475 quatenns
1163 3385 1261 3425 rerum

270 3462 399 3523 dominus
419 3456 590 3557 habebatur,
614 3465 768 3545 quotannis
790 3462 903 3523 AEdiles
924 3462 1053 3533 creabat,
1079 3462 1129 3541 qui
1149 3472 1261 3523 sumtus

269 3558 381 3621 alendis
398 3550 555 3641 puerorum
576 3562 671 3622 choris
691 3550 947 3621 subministrarent.
988 3559 1137 3618 Caeterum
1154 3545 1261 3618 chorus

269 3647 392 3734 quatuor
413 3668 443 3717 et
466 3658 566 3737 viginti
588 3659 664 3730 viris,
685 3657 818 3738 puerisve
843 3666 893 3715 sut
913 3654 1026 3715 feminis
1050 3655 1260 3726 instruebatur,

269 3752 342 3813 sicut
355 3754 594 3834 Aristophanes
587 3774 617 3813 m
634 3753 747 3814 Avibus
759 3752 858 3811 fabula
874 3762 1019 3811 numerat.
1061 3750 1094 3811 si
1111 3769 1181 3810 vero
1194 3770 1262 3829 pro·

269 3849 379 3909 miscus
390 3850 442 3909 viri
461 3850 637 3931 feminaque
650 3850 689 3909 ad
708 3849 890 3927 explendum
908 3848 990 3907 chori
1008 3866 1159 3908 numerum
1179 3849 1262 3911 adhi-

266 3944 401 4005 berentur
414 3945 507 4025 (quod
517 3946 620 4007 fecisse
633 3936 855 4024 diciturprimus
865 3944 993 4004 omnium
1003 3944 1151 4024 Tyrtoeus)
1165 3966 1261 4008 mares

269 4041 415 4101 dimidium
431 4042 627 4103 excedebant.
669 4041 700 4100 Si
713 4041 805 4121 pueri,
828 4050 890 4099 tum
909 4040 1024 4101 feminis
1037 4029 1150 4101 illorum
1169 4048 1261 4118 major

267 4156 402 4198 numerus
424 4148 497 4198 erat.
539 4139 590 4199 Sin
611 4148 708 4199 autern
726 4136 778 4197 viri
802 4146 924 4207 tannim,
948 4137 1204 4213 juvenesscilicet
1223 4158 1261 4199 ac

267 4252 359 4306 senes,
374 4234 532 4296 identidem
542 4244 637 4315 poetae
650 4236 773 4311 majores
788 4234 941 4305 tredecim,
955 4233 1111 4293 minoribus
1124 4233 1261 4294 undecim

268 4329 474 4405 admiscebant,
493 4342 596 4411 utpote
609 4350 731 4411 quornm
736 4326 788 4390 de
805 4330 924 4409 nornine
937 4330 1044 4391 chorus
1057 4331 1260 4411 appellaretur.

269 4426 398 4511 Quilibet
409 4439 509 4488 autem
523 4447 560 4487 ex
578 4426 622 4485 his
636 4426 760 4487 chorus
753 4448 782 4486 ιιι
797 4419 921 4507 quatuor
935 4430 980 4508 (ut
992 4429 1087 4505 ajunt)
1074 4430 1171 4503 )ζνγὰ
1189 4427 1261 4487 divi-

269 4506 400 4625 debatur,
421 4522 543 4605 quorum
556 4518 670 4604 singula
682 4544 735 4583 sex
754 4524 938 4584 continerent
957 4524 1121 4583 saltatores.
1161 4523 1261 4583 Comi.

266 4636 315 4678 cns
328 4617 447 4699 inquam
460 4622 527 4681 hoc
527 4632 613 4701 pacto
626 4620 732 4681 chorus
739 4621 941 4701 apparabatur
962 4620 1039 4679 Nam
1050 4620 1124 4680 sicut
1133 4618 1259 4698 AEscby-

268 4713 310 4777 lus
328 4717 417 4793 canit,
437 4716 564 4799 quinque
578 4729 691 4779 tanturn
710 4726 743 4779 et
761 4717 894 4778 decem
886 4737 916 4777 m
935 4716 1077 4796 tragedia
1097 4714 1258 4777 constabat.
