3242 5559
362 756 419 817 lxvi
573 755 757 832 VICTOR
790 753 855 813 DE
891 750 1140 815 COMOEDIA.

355 937 439 1016 'disse
453 954 552 997 ansam
561 936 700 999 videmur.
742 935 889 997 Ceterum
900 929 1355 1007 fuitoctotantumannisjunior

356 1012 546 1104 Alexandro,
569 1033 708 1111 sanguine
722 1031 824 1092 nobilis
838 1042 869 1090 et
884 1052 997 1093 morum
1010 1030 1176 1109 integritate
1189 1028 1355 1109 praeclarus

354 1130 548 1209 :Alexideque
562 1131 606 1209 (ut
626 1127 760 1203 arbitror)
774 1140 953 1221 praeceptore
970 1134 1032 1207 jam
1044 1126 1226 1186 adolescens
1229 1123 1300 1183 dare
1313 1122 1356 1181 fa-

354 1225 448 1289 bulas
469 1226 568 1306 coepit,
587 1244 653 1303 quas
673 1234 789 1284 centum
809 1234 840 1283 et
860 1236 927 1285 octo
943 1243 1063 1283 numero
1077 1242 1175 1283 coram
1188 1217 1357 1281 dostissimis

365 1322 527 1401 quibusque
540 1330 692 1391 steterunt,
713 1320 760 1379 rel
779 1320 906 1399 quinque
918 1341 1006 1401 supra
1017 1330 1145 1391 eentum,
1165 1328 1199 1377 ut
1219 1315 1359 1377 cecinisse

355 1418 584 1498 [Apollodorum
608 1417 723 1478 Gellius
744 1416 855 1478 scribit.
907 1416 1040 1495 Tandem
1064 1414 1220 1475 Athenis
1211 1434 1243 1472 ιιι
1266 1412 1361 1493 patria

355 1515 442 1576 duos
457 1526 488 1575 et
500 1514 710 1593 quinquaginta
723 1523 807 1572 natus
821 1533 913 1573 annos
927 1512 998 1573 obiit
1010 1523 1143 1583 mortem,
1159 1511 1271 1571 decimo
1284 1508 1361 1569 scili·

356 1623 417 1673 ¹cet
431 1622 498 1671 ante
515 1612 624 1671 bellurn
646 1610 872 1671 Macedonicum
885 1629 972 1681 anno,
990 1609 1069 1688 quod
1083 1607 1213 1687 Pyrrhus
1226 1626 1292 1665 cum
1306 1625 1361 1686 po·

367 1708 439 1789 pulo
454 1708 588 1767 Romano
602 1707 693 1787 gessit
707 1707 886 1771 acerrimum.
927 1706 996 1767 Nec
1013 1706 1083 1765 solae
1100 1704 1216 1785 quidem
1234 1702 1280 1761 hae
1294 1702 1363 1783 Me.

360 1804 472 1884 ,ammi
490 1804 597 1865 fabuloe
615 1804 817 1865 Macedonum
829 1804 944 1863 lumbos
959 1803 1061 1882 (uthis
1074 1814 1139 1861 utar
1154 1800 1245 1861 Persii
1257 1799 1363 1877 verbis)

360 1902 524 1971 intramus,
545 1900 598 1960 sed
613 1910 643 1959 et
656 1900 721 1959 aliae
735 1900 849 1980 Diphili
863 1898 980 1978 Sinopei
1001 1908 1119 1959 centum
1130 1898 1364 1977 Philemonisque

360 1996 548 2075 vSyracusani
568 1996 765 2055 Menandrum
778 1995 941 2055 oemulantis
955 1996 1019 2055 fere
1032 1995 1154 2055 totidem
1167 2003 1365 2054 accesserunt.

359 2092 520 2151 -Prsetereo
535 2112 607 2171 quas
622 2091 833 2170 Apollodorus,
855 2091 1028 2171 Posidippus
1041 2090 1270 2170 etPhilippides
1283 2090 1366 2150 addi·

372 2187 487 2261 derunt,
507 2208 543 2247 ac
559 2188 668 2259 coetcri,
691 2207 764 2266 quos
779 2206 855 2247 nova
868 2188 1011 2250 comoedia
1023 2187 1189 2247 celebravit
1231 2186 1367 2246 Profecto

371 2284 444 2343 mira
453 2284 507 2343 fuit
518 2284 719 2364 Aristophanis
732 2284 872 2345 felicitas:
894 2287 976 2362 cujus
986 2305 1045 2344 una
1059 2283 1213 2344 Cocaluse
1227 2282 1368 2362 quinqua·

372 2379 454 2459 ginta
467 2390 590 2458 quatuor
603 2382 659 2459 (tot
673 2378 750 2440 enim
763 2379 869 2439 'vidisse
882 2401 915 2441 se
929 2380 1056 2441 Thomas
1070 2381 1215 2459 Magister
1228 2380 1278 2456 ait)
1293 2379 1367 2462 adeo

362 2477 478 2536 vmultas
499 2477 680 2549 diremerum
705 2486 855 2555 poetarum
878 2477 992 2537 fabulas
1015 2476 1182 2558 procrearit,
1213 2495 1279 2553 quoe
1299 2496 1368 2535 cum

372 2582 493 2652 parente
507 2592 559 2631 suo
573 2572 747 2649 reliquisque
761 2582 894 2631 vetemm
909 2593 987 2652 pene
1005 2574 1136 2633 omnibus
1149 2574 1187 2633 ah
1201 2592 1255 2631 usu
1268 2585 1368 2652 nostro
1427 2582 1431 2591 '

371 2668 534 2728 suffocante
547 2679 678 2747 tempore
697 2667 880 2728 exciderunt.
922 2669 1042 2728 Utinam
1064 2680 1196 2730 extarent
1216 2671 1369 2731 veldimi·

366 2764 473 2835 ‚disum
504 2784 563 2823 non
576 2763 662 2832 ‚adeo
682 2763 781 2823 forsan
802 2762 831 2821 in
854 2764 1008 2842 praesentia
1028 2764 1141 2825 fabulas
1167 2767 1369 2847 perspiciendo

375 2860 578 2919 cecutiremus
590 2880 603 2918 :f
618 2878 674 2919 nec
688 2869 767 2919 esset
776 2879 828 2918 cur
841 2880 898 2939 ego
911 2880 962 2920 ros
975 2861 1144 2922 semieoecus
1160 2863 1269 2924 ducere
1283 2883 1370 2924 cona·

372 2976 432 3016 rer
474 2955 535 3015 Sed
548 2967 616 3015 acta
629 2976 665 3015 ne
681 2976 809 3047 agamus,
831 2956 1001 3017 vitiumhoc
1019 2959 1240 3037 etproeteritam
1253 2959 1371 3021 calami·

376 3064 467 3113 tatem
481 3052 526 3112 his
541 3052 622 3133 quasi
640 3053 784 3132 frugibus,
805 3064 948 3149 quotquot
970 3064 1096 3125 estam,
1105 3053 1309 3143 Aristophanis
1327 3056 1372 3115 fa-

375 3148 461 3211 bellis
471 3160 705 3239 compensantes.
745 3149 866 3235 Duplex
879 3169 942 3211 esse
956 3169 1142 3211 numerorum
1156 3136 1357 3212 differentia'
1330 3172 1373 3213 ιι-

368 3246 481 3311 detur:
504 3234 739 3326 quandoquidem
753 3254 866 3306 veteres
878 3246 920 3304 illi
933 3246 1107 3307 comoediam
1119 3248 1204 3308 variis
1217 3228 1374 3329 distingue

366 3364 409 3403 ,ιι
422 3342 551 3413 versibus
561 3344 746 3412 studuerunt,
768 3360 804 3401 ιο
820 3342 900 3421 quod
916 3341 995 3403 laudi
1008 3342 1136 3403 maxime
1149 3344 1321 3423 daretur,
1297 3346 1373 3430 siqui

378 3460 486 3501 novum
510 3441 642 3501 carminis
666 3458 758 3519 ςιιιιιι
782 3438 1007 3503 adiuuenisseut.
1048 3440 1138 3501 Unde
1160 3442 1352 3523 Phrynicus
1342 3463 1374 3502 ιιι

370 3538 484 3601 ¹lonico
500 3538 601 3598 minori
621 3534 814 3597 catalecticos
834 3546 1036 3595 tetrametrum
1057 3536 1246 3617 excogitavit,
1267 3538 1375 3600 Phere-

378 3647 534 3713 cratesque
556 3634 610 3693 sibi
631 3650 748 3691 versum
768 3649 785 3689 e
803 3633 945 3709 spondeo,
965 3632 1092 3712 dactylo,
1114 3645 1145 3693 et
1164 3636 1293 3697 trochoeo
1308 3636 1374 3716 pul.

381 3730 556 3791 cherrimum
570 3728 771 3790 concinnavit:
794 3747 849 3787 nee
868 3748 953 3787 secus
974 3728 1096 3809 Eupolis
1116 3742 1316 3793 tetrametrum
1334 3753 1374 3794 ex

381 3825 518 3887 trochaeis
532 3825 750 3904 conglutinavit.
793 3825 905 3885 Verum
918 3826 1134 3906 Aristophanes,
1155 3829 1230 3888 utin
1244 3830 1376 3891 omnibus

369 3934 428 3987 ,est
441 3930 664 3995 ποιητικώτατος,
678 3922 709 3980 in
719 3922 776 3982 hoc
791 3920 879 3983 etiam
888 3921 1056 3985 ullicedere
1068 3923 1170 3983 noluit.
1209 3926 1376 3987 Jambieum

383 4019 770 4104 enimhypercatalecticum
784 4029 1003 4090 monometrum,
1023 4030 1055 4079 et
1063 4013 1377 4101 brachycatalecticum

383 4116 553 4187 trimetrum,
575 4126 621 4176 est
643 4116 715 4175 rnira
736 4116 879 4175 suavitate
893 4114 1064 4175 modulatus.
1104 4117 1227 4197 Insuper
1247 4138 1287 4178 ex
1307 4137 1377 4179 ana·

384 4213 483 4291 paestis
508 4213 670 4271 trimetrum
688 4214 915 4286 acatalecticum,
936 4232 976 4272 ιιι
998 4212 1171 4273 choriambis
1186 4233 1256 4299 vero
1277 4235 1378 4293 mono-

385 4320 510 4368 metrum
528 4308 636 4389 primus
650 4309 776 4369 omnium
790 4309 970 4389 temperarit,
992 4320 1080 4388 atque
1093 4309 1150 4369 alia
1162 4290 1312 4391 complura
1324 4330 1378 4391 per

387 4405 529 4476 Servium,
551 4417 582 4465 et
594 4406 670 4466 illius
693 4406 865 4487 interpretes
880 4406 1043 4465 fabularum
1058 4417 1206 4478 annotata,
1227 4427 1292 4487 quae
1305 4426 1380 4467 mor-

385 4500 492 4560 talibus
507 4502 581 4562 adeo
590 4502 768 4582 placuerunt,
791 4516 824 4564 ut
835 4505 974 4564 barbaros
987 4504 1075 4564 etiam
1093 4504 1248 4563 Persarum
1267 4504 1378 4563 animos

386 4599 533 4678 potuerint
547 4600 724 4661 demulcere.
766 4601 883 4661 Etenim
896 4600 976 4679 apud
989 4620 1040 4661 eos
1053 4600 1279 4681 Aristophanem
1293 4619 1379 4695 accc·

387 4694 482 4799 pimus
498 4697 658 4775 presertim
680 4717 698 4759 ι
714 4717 786 4777 rege
802 4698 992 4785 celebratum.
1035 4699 1144 4760 Contra
1156 4716 1225 4760 vero
1238 4716 1314 4759 nova
1328 4715 1379 4789 co·
