3242 5559
580 790 643 853 DE
671 790 913 858 THEATRO.
1149 791 1255 857 Ν

265 964 1254 1055 u'tstisviri,insequentihnsconsuisrss,insh”spstricii‚sc

264 1061 402 1144 deinceps
424 1063 531 1145 ptaosii
553 1068 583 1127 in
602 1068 720 1149 reliquis
741 1072 879 1151 gradihus
894 1072 1040 1134 sederem.
1079 1070 1186 1149 Itaque
1204 1086 1255 1129 ve·

266 1166 342 1219 teres
358 1161 518 1235 uchitecti,
532 1176 643 1227 muros
655 1168 777 1248 vestigio
793 1168 949 1247 persecuti,
960 1165 1191 1247 indagationibus
1202 1182 1254 1223 vo·

259 1254 307 1315 cis
323 1258 499 1321 smodmtes
513 1260 692 1325 theatrorum
709 1266 897 1345 perfecerunt
908 1264 1116 1343 grsdietiooes,
1126 1272 1159 1322 et
1175 1279 1256 1341 qusa-

262 1350 392 1415 sivernnt
405 1356 513 1433 (inquit
535 1358 693 1439 Vitruvius)
711 1381 763 1441 per
779 1360 950 1421 monim
972 1359 1254 1427 mstbemsh'oorusn,

265 1459 295 1507 et
313 1448 455 1511 musicam
478 1454 628 1526 rstionem,
654 1468 687 1517 ut
712 1476 898 1537 quaecunque
916 1475 978 1517 vox
999 1457 1031 1515 in
1053 1474 1144 1517 scens
1165 1461 1252 1523 esset.

265 1542 418 1609 defieret
437 1549 552 1611 susricr
571 1551 611 1610 od
633 1562 830 1631 spectatorum
850 1552 1015 1632 perveniret
1037 1570 1132 1620 sures,
1154 1569 1192 1610 sc
1214 1564 1254 1607 ns

264 1660 319 1701 vox
338 1642 504 1722 impediret,
527 1646 568 1707 ita
589 1648 741 1727 compositi
763 1659 847 1709 erant
869 1649 986 1727 gradus,
1007 1660 1042 1707 st
1063 1648 1142 1707 lines
1161 1660 1252 1723 quum

262 1736 301 1798 sd
313 1736 402 1798 imum
420 1742 545 1821 gradum
562 1754 595 1805 et
614 1745 653 1805 ud
665 1762 808 1806 summum
821 1755 944 1805 extento
955 1754 1044 1815 met,
1056 1742 1155 1803 omnia
1165 1756 1253 1799 escu-

262 1834 339 1895 mine
351 1836 493 1915 grsdusmr
508 1841 688 1921 angulosque
705 1850 849 1920 tangeret
890 1842 992 1920 Atque
1005 1851 1038 1899 ut
1050 1859 1109 1899 vox
1119 1848 1252 1899 sacrum

260 1932 375 1993 sunvior
387 1946 419 1995 et
432 1936 583 1999 delicstim
601 1938 812 2019 spectatoribus
832 1937 990 2008 rideretur,
1009 1935 1121 2015 sntiqui
1133 1934 1252 1995 croco

260 2048 323 2089 rum
336 2030 472 2103 ertitices,
490 2033 565 2095 inter
582 2034 668 2097 sedes
688 2035 795 2095 theatri
814 2034 902 2095 Cellas
914 2033 1127 2095 constituerunt
1139 2032 1251 2093 rstioos

260 2125 382 2200 musice,
394 2129 425 2187 in
438 2130 544 2209 quihus
557 2150 625 2193 noso
637 2152 718 2205 meo,
733 2151 788 2213 pro
801 2130 914 2191 mtione
925 2129 1131 2209 msgnimdinu
1144 2128 1251 2189 theatri

259 2220 338 2285 hoto
354 2226 585 2299 collocabantur,
605 2248 671 2309 quas
683 2229 725 2290 its
737 2228 880 2289 fabricato
893 2237 985 2299 erunt,
998 2237 1134 2305 utquam
1146 2236 1250 2305 tange·

258 2330 355 2383 rentur
378 2341 397 2381 a
419 2342 504 2395 voce,
526 2324 653 2385 sonitum
672 2325 804 2385 facerent
823 2325 899 2384 inter
921 2342 964 2383 se.
1005 2322 1110 2402 quue
1128 2320 1251 2383 artificio

259 2418 405 2481 codicem
427 2420 556 2493 fuenrnt,
577 2432 611 2481 nt
630 2422 742 2481 nullum
762 2421 903 2502 parietem
923 2428 1089 2497 ungerent,
1113 2418 1250 2497 &caque

258 2512 400 2577 haberent
410 2516 507 2577 locum
520 2535 656 2589 vscuurn,
679 2528 711 2578 et
724 2536 837 2577 summo
849 2517 945 2595 capite
957 2515 1091 2595 spatium
1104 2516 1251 2595 poneban-

256 2620 359 2691 tusque
373 2622 404 2673 et
415 2632 556 2693 suspense
567 2616 763 2676 cernebantur
776 2633 828 2675 ore
840 2612 955 2683 declivi,
976 2623 1009 2672 nt
1026 2612 1057 2671 iu
1073 2610 1109 2672 iis
1128 2631 1187 2672 vox
1198 2631 1249 2673 oc·

257 2716 352 2767 torum
375 2708 515 2788 ingressa,
539 2711 719 2773 harmoniam
744 2712 884 2783 cnseo,
906 2720 938 2769 et
956 2708 1081 2788 gratim
1101 2707 1250 2789 quendam

257 2796 373 2867 siene
385 2808 610 2886 spectatoribus,
632 2819 723 2888 utque
745 2808 895 2869 intellectu
914 2806 1026 2867 fecilior
1046 2817 1135 2867 esset.
1175 2806 1250 2867 Tele

258 2901 397 2979 quiddam
418 2903 507 2963 sudio
530 2904 627 2965 edhuc
651 2904 740 2965 hodie
763 2916 864 2967 extare
887 2904 918 2963 in
938 2902 1112 2984 quibusdam
1133 2904 1250 2984 templis

258 2998 391 3077 sntiquis,
413 3019 479 3079 qum
500 3020 579 3061 nunc
602 3020 719 3081 quoque
737 3011 890 3081 supersunt
908 3001 1032 3079 integrs,
1052 3001 1132 3080 apud
1143 3010 1251 3061 nosue

258 3095 438 3174 tempestatis
452 3096 584 3157 Grecos.
624 3097 661 3157 In
674 3116 796 3176 quorum
808 3098 920 3159 fornice
935 3097 1085 3169 inferiore,
1097 3107 1187 3175 atque
1199 3116 1249 3157 sn·

259 3190 371 3269 periore
384 3191 463 3253 veria
473 3204 540 3255 sunt
551 3192 693 3253 foramina
705 3192 774 3255 binc
787 3193 856 3255 inde
869 3212 1038 3271 consperso,
1048 3211 1085 3251 sc
1093 3192 1149 3253 sibi
1159 3191 1249 3253 veluti
1266 3265 1270 3272 ι

259 3307 296 3347 ex
310 3290 453 3349 diametro
466 3292 504 3349 ab
516 3309 575 3350 uuo
589 3289 628 3349 ad
642 3289 721 3349 eliud
734 3289 810 3349 latus
825 3288 1091 3367 correspondentis,
1103 3288 1250 3367 inquibus

258 3403 326 3447 vrso
339 3404 424 3453 renes
435 3386 646 3465 impsctusunt,
656 3404 780 3463 quorum
791 3385 928 3464 estquod
937 3384 1088 3460 augustius
1097 3394 1152 3452 est,
1162 3402 1250 3461 quom

258 3480 321 3559 ipse
335 3481 449 3558 venter)
464 3492 576 3543 tautum
590 3481 717 3543 exterius
729 3492 822 3562 petet,
836 3500 896 3541 nou
914 3479 1003 3539 etiem
1019 3478 1173 3558 prominet
1212 3480 1250 3537 ln

259 3596 295 3637 eo
310 3596 459 3649 vasa,vox
480 3577 510 3637 in
533 3578 642 3657 templo
668 3578 834 3639 ementium
857 3577 978 3647 inclusa,
991 3574 1193 3635 incredibilem
1205 3575 1249 3635 ef·

257 3674 321 3735 ficit
337 3674 526 3744 harmoniam,
546 3693 689 3754 sonosque
708 3674 949 3747 distinctissime,
963 3684 995 3734 et
1011 3673 1171 3735 admodum
1184 3694 1250 3752 gm-

258 3784 313 3843 tos,
327 3782 416 3850 etque
426 3771 506 3832 editu
515 3770 627 3831 faciles.
669 3770 729 3831 Sed
741 3770 770 3829 in
778 3770 1121 3850 theouhvnssresupina
1129 3790 1251 3850 suspen-

259 3868 415 3930 debentur.
457 3867 529 3929 Tale
548 3867 619 3947 quid
636 3879 734 3929 eutem
749 3868 853 3927 Romoe
868 3867 982 3929 fectum
995 3867 1087 3927 fuisse
1104 3868 1164 3929 suis
1177 3878 1250 3927 tem·

258 3966 377 4045 poribus
386 3976 477 4045 negat
487 3954 644 4039 Vitruvius,
655 3965 709 4025 sed
719 3964 747 4023 in
757 3964 853 4025 lotio
862 3964 1028 4043 regionibus
1038 3977 1069 4025 et
1081 3965 1110 4024 in
1120 3966 1251 4044 pluribus

260 4062 431 4123 Graecorum
445 4061 619 4123 civitatibus.
640 4060 728 4121 Unde
741 4059 853 4121 Lucius
867 4060 1025 4119 Mummius
1036 4061 1132 4120 ffiruto
1146 4062 1251 4121 Corin·

259 4160 386 4221 thiorum
404 4160 520 4220 theutro
541 4163 603 4234 ejus
620 4176 704 4218 oenen
722 4176 792 4217 vasa
810 4157 937 4217 Romam
955 4158 1125 4236 deportavit,
1161 4158 1253 4219 Multi

259 4258 347 4319 etiam
360 4255 521 4325 architecti,
535 4254 585 4332 qui
599 4254 628 4313 in
642 4252 753 4333 oppidis
771 4272 831 4313 non
843 4254 956 4333 mugnis
970 4254 1086 4315 theatro
1099 4265 1251 4315 construx-

259 4363 353 4423 erunt,
363 4364 484 4433 propser
497 4352 562 4411 veris
572 4350 709 4429 inopiam,
712 4350 850 4425 fictidibus
859 4352 936 4409 doliis
944 4350 1165 4411 insonantibus
1173 4352 1252 4413 elec·

259 4450 305 4522 tis,
319 4448 377 4509 hec
391 4448 612 4509 ratiocinatione
626 4444 803 4525 compositis,
819 4445 862 4505 usi
879 4457 957 4506 sunt.
997 4450 1181 4527 Quapropter
1193 4448 1254 4507 Pli-

259 4544 324 4605 nius
338 4538 389 4612 nii,
404 4544 433 4603 in
447 4542 568 4603 theatris
587 4560 689 4602 vocem
709 4543 817 4621 optime
837 4562 954 4603 currem
971 4544 1000 4603 in
1014 4544 1098 4605 doliis
1108 4545 1251 4605 inanibus.

259 4640 295 4701 ln
308 4640 415 4721 ligneis
433 4650 528 4701 autem
551 4638 672 4700 thestris
691 4639 743 4717 (ait
762 4638 922 4713 Vitruvius)
936 4654 1003 4744 puae
1022 4641 1126 4701 Rome
1144 4640 1252 4721 possim

258 4736 379 4811 fiebant,
393 4756 452 4799 non
465 4748 530 4799 eret
542 4736 617 4799 ossis
631 4735 720 4799 eoois
730 4754 811 4817 opus,
825 4754 894 4797 cum
906 4736 1100 4799 tshtdstiones
1109 4736 1253 4799 tonent
