3242 5559
438 766 650 854 “VICTOR
684 768 747 829 DE
777 766 1028 840 *COMOEDM
1183 771 1244 833 lxix

256 948 379 1026 reliquit.
420 947 467 1007 Ea
483 946 569 1026 igitur
588 946 763 1025 παράβασις,
783 959 903 1009 coense
922 948 1076 1009 Demetrio
1095 948 1246 1025 Triclinia,

256 1062 321 1125 que
341 1045 435 1105 nullas
458 1046 561 1111 barum
583 1056 682 1123 partes
705 1044 820 1116 omittit,
840 1044 973 1125 perfecta
992 1046 1067 1109 solet
1088 1047 1247 1126 appellari:

255 1142 368 1222 mam
384 1143 592 1223 Aristophanes
603 1142 633 1204 in
648 1141 802 1222 Equitibus
811 1141 910 1201 fabula
923 1141 1114 1204 concinnavit.
1136 1143 1247 1207 Varum

256 1239 419 1320 complures
438 1240 610 1320 imperfecte
630 1259 684 1320 pro
707 1238 826 1305 arbitrio
845 1251 998 1318 poetarum
1012 1238 1197 1309 inseruntur:
1218 1240 1249 1303 id

254 1336 331 1415 qood
344 1336 424 1397 idem
435 1337 464 1397 in
479 1336 603 1397 Nebolis
618 1336 717 1397 sabula
729 1334 818 1395 iecite
842 1335 892 1395 ubi
905 1336 999 1397 solum
1013 1338 1158 1417 ἒτίῥρημα,
1169 1338 1249 1416 qued

256 1444 334 1493 esset
355 1433 431 1503 vitiis
451 1434 603 1515 carpendis
627 1431 888 1504 accommodatam,
908 1432 1036 1504 induxit,
1054 1434 1134 1497 acin
1155 1435 1249 1498 Rauis

256 1540 378 1609 quatuor
390 1530 440 1590 illa
449 1542 563 1590 tantum
574 1534 729 1609 conjuncte
741 1529 879 1609 reposuit.
910 1529 971 1591 Sed
982 1530 1110 1591 illudest
1119 1531 1251 1599 amram.

255 1626 387 1687 versione
398 1626 529 1707 dignum,
548 1626 628 1706 qood
637 1626 777 1707 ἐτίρῤημα
791 1637 822 1685 et
835 1631 934 1707 στροφὴ
948 1625 1009 1685 sive
1022 1631 1118 1705 μέλος,
1131 1627 1250 1707 quando
1381 1696 1392 1709 ⁴

256 1722 364 1782 nullam
378 1724 626 1803 ἀντετιρρήματσς,
636 1725 877 1801 antdvrsrrpdpoo
888 1721 1059 1782 reditionem
1068 1735 1249 1802 exspectant,

256 1818 285 1877 in
298 1819 357 1881 line
371 1839 487 1900 semper
503 1820 615 1881 habent
633 1820 832 1899 ταράγρσφσν,
851 1828 886 1878 ut
905 1839 963 1877 non
983 1838 1048 1879 esse
1068 1822 1248 1901 κατάσχισιν,

256 1914 358 1988 idest,
378 1916 505 1977 obnoxie
523 1917 617 1996 posita
636 1916 806 1977 videantur:
830 1916 1067 1995 qnandoquidem
1085 1917 1151 1977 hec
1171 1917 1250 1979 linas

257 2022 420 2073 mannam
431 2014 618 2093 ropdypopoc
633 2012 753 2083 scilicet,
779 2012 836 2072 tria
853 2013 912 2084 illa,
933 2033 1000 2092 quas
1017 2014 1151 2088 diximus,
1172 2016 1250 2079 inter

257 2108 578 2173 sediacretacontinuo
592 2108 712 2172 clandit.
754 2109 866 2171 Verum
888 2108 1059 2171 siiuturnm
1075 2123 1250 2191 exspectant

256 2204 436 2278 seditionem,
459 2210 561 2287 στροφὴ
575 2216 636 2265 tum
650 2206 714 2265 hoec
726 2204 814 2278 linea,
835 2226 901 2266 cnm
915 2226 974 2267 non
987 2226 1074 2269 secus
1087 2228 1122 2268 ac
1140 2211 1250 2287 ἐτίῤῥη-

255 2328 305 2381 μα,
325 2302 441 2363 duabus
452 2302 517 2363 aliis
530 2303 710 2375 terminamr,
731 2321 853 2393 quarum
870 2303 1027 2363 coeuntium
1042 2305 1167 2382 angulus
1183 2324 1249 2365 ver·

256 2410 305 2478 gat
316 2398 489 2459 introrsums
511 2410 614 2464 conus
630 2418 699 2459 vero
713 2402 899 2481 ἀντίστροφος
911 2399 994 2459 lineis
1007 2400 1152 2460 clauditur
1163 2401 1250 2475 binis,

256 2514 375 2573 quianun
397 2506 562 2557 extrorsum
579 2497 695 2576 utrique
716 2496 816 2575 anguli
834 2506 966 2573 vergant,
986 2495 1056 2555 hinc
1076 2495 1145 2557 inde
1162 2496 1250 2558 finale

257 2594 427 2663 membrum,
454 2612 572 2655 carmen
591 2592 704 2653 scilicet
724 2590 857 2653 ultimum
877 2591 1097 2670 amplectentes.
1138 2592 1251 2657 Verum

259 2688 343 2753 exiis
357 2689 501 2755 duntaxat
515 2709 573 2751 uno
586 2690 662 2751 solet
675 2690 865 2768 ἀντετίῥρημα
881 2688 1027 2749 concludi.
1068 2690 1145 2757 Qum
1162 2689 1250 2769 plana

256 2784 338 2863 signa
350 2798 437 2865 prout
451 2786 549 2865 anguli
560 2806 625 2847 sese
638 2786 757 2858 habent,
780 2786 828 2845 vel
848 2786 985 2857 futuram,
1007 2785 1054 2845 sel
1073 2797 1250 2864 prseterrtam

257 2880 425 2941 reditionem
443 2883 611 2943 ostendunt.
653 2882 724 2943 Hoc
742 2881 913 2943 Demetrius
930 2881 980 2941 ille
998 2880 1155 2944 Triclinius
1180 2884 1251 2943 scri·

257 2977 802 3056 bensinAristopbanemexcogitarit.
843 2977 1043 3037 Veruntamen
1052 2978 1129 3038 inter
1137 2990 1251 3052 cantus,

257 3086 352 3153 poeta
365 3092 572 3153 nunnunquam
585 3092 724 3153 personne
737 3072 867 3133 educere
879 3074 985 3144 solent,
1006 3093 1129 3151 quarum
1147 3076 1252 3139 dimer-

257 3170 328 3231 tatio
351 3176 480 3250 σύστημα
500 3175 571 3232 κατὰ
592 3175 743 3248 περικοπὴν
760 3170 937 3249 appellatore
956 3170 1102 3234 interdum
1120 3174 1251 3243 semibus

257 3265 375 3327 alternis
384 3267 597 3329 contendentes
604 3265 715 3344 aliquot
727 3266 879 3343 proferunt
890 3265 1054 3336 histriones,
1074 3266 1122 3327 vel
1131 3268 1252 3329 eborum

138 3390 142 3399 ,
258 3363 344 3425 etiam
357 3364 602 3443 respondentem:
622 3362 700 3443 quod
709 3361 903 3441 Hephaestion
910 3360 1025 3420 ridetur
1032 3365 1253 3444 ἀλλοιόστρσφσν

258 3460 415 3539 appellare.
455 3460 567 3523 Verum
577 3462 631 3523 bas
644 3470 675 3519 et
685 3459 756 3525 alias
769 3457 902 3519 consulto
914 3458 1178 3537 praetermittendas
1186 3478 1253 3525 esse

258 3557 381 3616 arbitror
394 3557 578 3637 questiones,
600 3576 667 3635 qooe
684 3556 757 3616 mira
778 3564 929 3635 poetarum
945 3554 1063 3616 licentia
1075 3556 1252 3635 gignuntur:

261 3664 375 3715 constat
395 3654 472 3713 enlm
493 3653 550 3713 illis
572 3652 644 3713 nibil
661 3668 787 3731 unquam
807 3670 867 3711 non
889 3651 1066 3714 audendum.
1107 3652 1254 3720 Quocirca

260 3750 341 3811 nobis
359 3751 399 3811 (le
420 3750 511 3813 ὼοτο
525 3751 651 3811 certiora
664 3748 851 3819 consectatia,
872 3767 926 3827 pro
943 3748 1067 3809 materia
1077 3748 1149 3810 satis
1161 3750 1253 3811 abun.

260 3846 357 3927 deque
372 3846 483 3907 dmum
497 3866 561 3909 csse
573 3846 716 3918 videatur,
738 3843 884 3925 quomodo
896 3845 1056 3923 presertim
1070 3843 1101 3905 in
1113 3865 1190 3909 nova
1202 3866 1253 3909 co-

259 3943 363 4003 medis
385 3942 492 4005 chorus
515 3945 628 4007 nullum
651 3944 769 4013 habeat,
794 3941 843 4000 vel
862 3939 972 3999 babere
994 3941 1122 4019 potuerit
1143 3942 1252 4004 locum.

263 4037 411 4119 Siquidem
437 4040 573 4113 Athenis,
601 4060 691 4120 qaum
713 4036 811 4099 omnia
835 4036 1016 4116 potentiores
1041 4038 1081 4098 ad
1102 4039 1253 4103 arbitrium

260 4153 342 4195 sumn
359 4153 499 4199 revocare
520 4138 683 4217 coepissent,
704 4136 775 4195 nolli
793 4134 919 4213 amplios
935 4136 1107 4201 creabantur
1119 4136 1253 4205 AEdiles:

261 4232 440 4313 perindeque
459 4234 605 4295 sumtibus
624 4234 663 4295 ad
689 4231 810 4295 alendos
827 4236 968 4307 juvanum
994 4232 1098 4299 moros
1117 4232 1254 4301 institutis

260 4330 383 4409 popolus
405 4331 487 4395 abuti
509 4330 736 4411 prohibebaturs
764 4329 845 4409 qood
865 4328 1063 4409 particulatim
1080 4350 1099 4391 s
1119 4329 1255 4391 Platonio

260 4422 381 4505 legimus
394 4426 582 4507 disputatum.
605 4428 643 4489 Id
652 4428 751 4507 itaque
761 4426 1026 4488 animadvertentes
1035 4436 1140 4507 poem,
1152 4448 1254 4508 quem·

145 4578 150 4596 ,
261 4522 418 4585 admodum
440 4525 501 4587 lata
525 4526 593 4605 lege
613 4525 652 4589 de
670 4544 731 4587 nan
754 4524 901 4605 carpendo
925 4524 1107 4610 nominatim,
1134 4525 1257 4587 materia

260 4620 435 4694 mutabatur,
449 4621 491 4683 ita
499 4624 587 4685 etiam
595 4622 746 4705 cantilenis
758 4622 906 4683 atemere
915 4621 1033 4702 penitus
1046 4622 1255 4687 decreverunts

261 4717 396 4799 quamue
408 4720 564 4801 sapientes,
582 4738 672 4801 quum
688 4720 810 4800 mpori
829 4720 995 4783 cedendum
1007 4731 1063 4793 eat.
1083 4718 1255 4803 adnomen
