3242 5559
483 768 674 829 VICTOR
694 770 758 831 DE
779 771 1032 832 cotrOEmA.
1205 773 1255 831 lxv

269 950 359 1012 latum
372 946 427 1029 per
440 948 563 1029 Equites
577 951 704 1011 fabulam
719 952 863 1031 detegere
881 962 1042 1013 conaretur.
1083 951 1202 1012 Etenim
1214 952 1254 1011 illi

264 1045 340 1105 adeo
356 1044 413 1119 fuit
429 1045 567 1119 infensus,
591 1059 625 1107 nt
643 1050 779 1127 quoniam
799 1050 837 1109 ab
857 1048 963 1129 opifice
982 1066 1136 1127 personam
1150 1047 1253 1108 Cleoni

264 1140 386 1202 similem
406 1142 516 1203 habere
536 1161 598 1203 nou
616 1155 725 1222 posset,
745 1145 800 1205 sibi
820 1145 912 1204 multo
925 1145 1098 1225 caterisque
1116 1144 1147 1205 id
1159 1164 1253 1225 genus

259 1237 334 1299 fucis
355 1240 552 1301 concinuerit:
573 1240 820 1321 histrionibusque
840 1262 903 1321 prm
922 1242 1011 1306 nimio
1031 1254 1113 1313 metu
1128 1263 1148 1302 e
1160 1262 1253 1303 scena

260 1334 376 1413 prodire
396 1356 456 1395 non
473 1334 659 1409 audentibus,
682 1332 800 1407 Cleonis
822 1356 975 1416 personam
990 1340 1070 1398 solus
1088 1358 1252 1418 agarenum

260 1432 409 1498 dubitarit.
452 1433 574 1511 Eupolis
587 1452 657 1493 sero
670 1452 802 1513 praeceps
820 1434 851 1492 in
863 1454 943 1495 mare
955 1435 1042 1496 datus
1053 1446 1108 1507 est,
1122 1454 1160 1495 eo
1171 1434 1253 1515 quod

261 1527 438 1607 potentiores
452 1529 561 1608 aliquot
572 1529 602 1587 in
617 1528 719 1609 Baptis
728 1530 829 1589 fabula
838 1532 1048 1593 momordisset
1087 1534 1189 1599 Quum
1197 1532 1252 1611 igi·

260 1634 307 1685 tur
316 1626 382 1685 tec
395 1625 659 1695 animadverterent
672 1638 776 1705 poetoe,
788 1626 1043 1689 demererentsibi
1055 1630 1120 1688 fore
1132 1648 1251 1709 prorsus

259 1740 278 1779 a
290 1721 452 1783 maledictis
462 1722 518 1781 illis
532 1724 762 1803 temperandum.
802 1723 907 1804 ltaque
919 1725 977 1785 stili
991 1744 1095 1795 nasum
1107 1726 1147 1785 ob
1158 1725 1250 1786 immi·

257 1838 329 1879 nens
338 1819 404 1879 rite
417 1818 570 1880 discrimen
581 1820 639 1880 alio
649 1830 863 1892 converterunt,
874 1840 979 1902 poema
991 1822 1106 1883 seilicet
1116 1822 1249 1895 Homeri,

257 1914 303 1975 rel
318 1915 442 1975 'alterius
459 1916 490 1975 in
510 1914 667 1975 ludibrium
689 1936 768 1996 osope
789 1918 908 1997 quidem
926 1920 1064 1995 injuriose
1081 1930 1249 1981 vertentes:

257 2030 379 2091 quorum
392 2012 520 2073 maxime
532 2013 667 2073 Cratinus
681 2033 777 2073 scenae
790 2016 959 2095 populoque
971 2020 1015 2096 (ut
1033 2018 1126 2094 ajunt)
1139 2018 1249 2078 servire

258 2108 416 2169 contendit.
458 2108 588 2169 Noverat
611 2110 685 2169 enim
705 2111 852 2189 (arbitror)
873 2112 905 2173 id
922 2114 1003 2193 quod
1021 2114 1051 2172 in
1064 2116 1195 2175 oratioue
1209 2116 1248 2175 de

257 2224 365 2266 corona
387 2206 604 2266 Demosthenes
627 2206 738 2277 amerit,
763 2227 828 2267 esse
854 2220 959 2272 natura
985 2222 1195 2290 comparatum,
1214 2221 1249 2269 ut

256 2301 386 2363 homines
405 2301 507 2361 libenti
528 2302 623 2363 animo
646 2304 804 2363 calumnias
825 2304 947 2364 aliorum
966 2306 1067 2366 audire
1085 2307 1247 2367 videantur.

257 2398 378 2479 Ulymes
396 2398 495 2477 itaque
518 2399 620 2478 plurali
645 2418 766 2458 numero
793 2398 922 2459 sahulem
947 2400 1037 2473 dedit,
1065 2422 1130 2480 quta
1156 2404 1246 2463 totius

256 2492 398 2574 Odyssea
424 2494 648 2553 calumniaretur
678 2494 837 2555 historiam.
889 2496 1102 2576 Aristophanes
1129 2518 1245 2579 quoque

253 2602 405 2671 postquam
418 2610 472 2649 suo
486 2590 561 2649 malo
576 2602 677 2650 contra
690 2590 836 2652 stimulum
850 2591 948 2651 calces
969 2593 1040 2651 nihil
1060 2594 1158 2654 valere
1170 2595 1247 2656 didi·

252 2690 347 2759 nisset,
367 2688 399 2747 in
412 2687 533 2747 alteram
551 2706 583 2747 se
598 2688 722 2749 formam
742 2688 826 2767 quasi
847 2688 992 2749 Protheus
1006 2691 1159 2761 convertit,
1174 2691 1247 2751 AEo-

254 2786 311 2845 lum
324 2784 438 2845 seilicet
455 2781 584 2843 sahulem
597 2803 616 2845 s
628 2785 745 2863 tragicis
758 2784 827 2843 olim
845 2785 1033 2858 celebratam,
1054 2788 1085 2845 in
1103 2788 1245 2847 comitam

252 2886 457 2942 ώλοσσαῦνα
467 2879 630 2941 deridendo
641 2881 827 2961 permutavit.
869 2882 925 2941 llle
937 2882 1017 2942 idem
1032 2883 1244 2963 Aristophanes

254 2978 370 3058 (mirum
383 2978 475 3057 dictu)
488 2996 572 3038 norm
585 2977 671 3037 etiam
685 2977 799 3036 initium
812 2977 965 3037 commdise
984 2979 1075 3051 dedit,
1095 2980 1175 3060 quod
1193 3000 1244 3041 re·

253 3077 303 3136 lim
316 3082 379 3153 ejus
393 3075 515 3156 egregia
526 3073 614 3134 laude
630 3074 739 3145 dictum
752 3075 909 3135 arbitreris.
939 3076 1056 3156 Quippe
1069 3096 1158 3155 quum
1169 3095 1244 3135 unus

253 3174 316 3254 ipse
337 3184 427 3254 queat
450 3170 569 3251 triplicis
593 3171 758 3250 argumenti
781 3183 870 3251 poeta
892 3173 1022 3252 reperiri,
1047 3174 1191 3254 siquidem
1213 3184 1244 3233 et

251 3270 346 3345 sliam,
358 3270 522 3330 ooiuomen
532 3278 577 3328 est
589 3268 709 3337 Cocalo,
720 3266 847 3326 fabulam
858 3280 1040 3337 commentus
1049 3289 1113 3337 esse
1125 3270 1242 3341 dicitur,

249 3366 350 3447 inqua
366 3366 510 3445 virginum
529 3365 769 3445 compressiones,
783 3363 950 3443 agnitaque
963 3365 1141 3442 agitarentur
1152 3366 1243 3425 allini-

248 3474 332 3524 tates.
373 3464 502 3523 Dcmum
522 3460 646 3521 Athenis
665 3458 868 3520 Macedonum
890 3461 1051 3540 petulantia
1069 3461 1242 3540 subjugatis,
1305 3498 1308 3513 .

249 3580 298 3622 eas
312 3560 451 3621 continuo
463 3558 587 3619 fabellas
601 3559 691 3618 edere
700 3558 876 3618 studuerunt
888 3566 994 3637 poete,
1008 3556 1113 3635 quibus
1126 3557 1242 3618 illorum

159 3728 161 3733 ¹
247 3656 404 3738 impuritati
415 3654 595 3728 latislactum
609 3674 675 3715 esse
687 3654 844 3715 videratur.
884 3653 1129 3734 Quandoquidem
1142 3653 1189 3715 vel
1202 3672 1243 3713 err

251 3754 389 3815 Athenaei
400 3752 595 3813 monumentis
608 3750 696 3812 facila
709 3768 859 3831 possumus
872 3754 1049 3829 conjectare,
1063 3751 1141 3831 quod
1155 3753 1242 3831 gule,

248 3851 413 3931 ventrisque
423 3848 540 3909 servitio
551 3848 735 3921 Macedones
746 3846 1049 3928 lueriutemancipati.
1075 3848 1242 3909 Menander

248 3946 348 4027 itaque
360 3962 421 4007 snos
431 3946 595 4027 tempestati
613 3964 723 4005 morem
737 3954 881 4023 gesturus,
896 3945 1067 4005 comoediam
1080 3946 1117 4005 ab
1130 3946 1241 4006 Aristo.

249 4042 353 4123 phanis
373 4043 485 4116 (loculo
508 4040 633 4103 feliciter
659 4040 817 4101 admodum
842 4050 889 4100 est
915 4042 1099 4122 auspicatis:
1127 4043 1174 4102 oui
1196 4041 1240 4103 sic

250 4138 369 4201 Ovidius
378 4138 481 4205 alludit
490 4141 631 4199 Amorum
641 4138 783 4211 secundo,
794 4136 879 4197 nohis
888 4138 982 4198 obiter
990 4156 1124 4218 quanam
1132 4139 1241 4200 fuerint

247 4240 310 4313 ejua
323 4238 497 4319 argmnefli
505 4236 719 4308 demonstrans,

425 4398 488 4447 nun
497 4395 569 4445 fallax
581 4411 670 4453 servus,
681 4396 753 4443 durus
764 4402 837 4457 pstor,
847 4395 953 4457 improba
962 4396 1015 4444 lens

366 4492 369 4501 ¹
425 4476 519 4527 vixerit
526 4483 551 4526 st
560 4475 673 4526 unceis
683 4476 774 4535 blanda,
785 4475 925 4523 llsmdros
935 4476 986 4523 erit.

246 4621 337 4709 Quod
348 4569 404 4684 dos
417 4640 484 4685 cum
497 4620 607 4683 Graeco
619 4620 746 4683 carmine
759 4620 895 4682 ludentes
902 4620 936 4697 iu
945 4621 1094 4702 egregiam
1108 4621 1238 4681 Terentii

245 4717 362 4779 laudem
378 4718 572 4795 vertissem
592 4718 646 4781 tibi
665 4718 876 4800 pulcherrimos
896 4718 1043 4781 condendi
1052 4719 1167 4796 jambos
1186 4718 1239 4779 ds=

287 4832 364 4878 vor..
380 4832 405 4877 1.
745 4834 758 4875 1
