3242 5559
582 780 649 846 DE
672 778 937 844 TERENTIO.
1217 779 1267 841 nii

271 960 388 1021 Deinde
402 972 501 1021 autem
514 962 608 1025 Plauti
621 976 653 1025 ‘et
666 964 816 1026 Dossenni
829 964 920 1023 utitur
932 954 1076 1043 exemplo,
1095 979 1169 1043 quos
1181 973 1265 1025 secu-

270 1076 317 1115 ros
338 1058 378 1118 de
396 1059 513 1134 judiciis
534 1061 686 1122 doctorum
708 1062 756 1121 nit.
798 1059 839 1118 Et
856 1060 923 1119 bec
938 1060 977 1120 ed
995 1059 1134 1132 divinum,
1154 1070 1187 1119 ut
1201 1063 1265 1138 jam

270 1153 341 1225 dixi,
356 1174 392 1213 ac
406 1158 557 1216 subactum
572 1159 601 1217 in
622 1159 666 1219 bis
679 1158 855 1238 principem,
874 1163 957 1233 cujus
976 1176 1032 1217 nec
1049 1156 1194 1235 judicium
1208 1175 1265 1217 nec

269 1260 441 1309 coeterorum
465 1253 599 1331 ignorare
620 1272 656 1313 ea
679 1263 857 1332 tempestate
875 1253 982 1333 potuit.
1024 1252 1065 1311 Et
1084 1254 1167 1331 cujus
1185 1253 1264 1331 judi·

269 1346 347 1406 cium
367 1349 461 1407 vereri
482 1349 640 1424 debuisset,
662 1351 716 1411 uisi
737 1352 815 1409 idem
836 1350 959 1410 aliorum
978 1349 1089 1410 fuisset
1129 1349 1198 1409 Jam
1215 1348 1265 1407 illa

269 1443 435 1522 Epicharmi
446 1440 576 1518 imitatio,
593 1458 624 1505 ut
637 1438 830 1517 festivissima,
844 1446 896 1519 ite,
906 1446 932 1505 si
944 1446 982 1508 sit
993 1446 1144 1525 frequens,
1154 1444 1264 1523 frigora

269 1558 327 1598 non
338 1552 429 1601 caret.
470 1544 544 1611 Quas
554 1544 596 1615 fit,
608 1562 676 1603 cum
686 1542 733 1601 vel
743 1536 818 1601 falsa
827 1552 1022 1622 opponuntur,
1036 1552 1088 1601 aut
1101 1540 1264 1617 subjeetum

269 1636 347 1696 idem
361 1648 406 1697 est
420 1656 486 1697 cum
500 1640 670 1719 praedicato.
712 1638 755 1699 Ut
764 1657 831 1697 cum
846 1637 1040 1718 Epicharmus
1054 1636 1142 1697 dixit:

429 1782 901 1858 impatientissimum
911 1794 982 1847 m.
1071 1770 1075 1777 ’

429 1872 494 1921 Tune
505 1873 564 1922 inter
574 1874 627 1923 illus
637 1891 680 1938 ego
691 1892 761 1933 emm,
773 1882 828 1923 tuno
839 1874 900 1937 opud
911 1874 974 1923 illos.

269 2034 319 2095 Bis
334 2033 411 2093 enim
425 2033 503 2094 idem
517 2036 609 2106 dicit:
630 2055 696 2115 qum
710 2046 756 2095 est
768 2036 849 2095 fraus
862 2036 892 2095 in
906 2036 1004 2096 verbis
1017 2048 1125 2117 preter
1138 2056 1264 2119 exspec-

268 2132 418 2192 tationem.
460 2132 543 2191 Idem
559 2142 656 2191 antem
669 2143 716 2191 est
730 2152 796 2192 cum
809 2132 971 2213 predicato
985 2135 1165 2214 subjectum
1186 2148 1220 2194 ut
1232 2136 1263 2193 in

268 2226 323 2286 illis
335 2228 453 2287 Cureul.
474 2228 543 2289 Act.
554 2228 593 2288 V.
610 2229 705 2288 Scena
717 2230 772 2289 1v.

397 2388 461 2447 Quoi
472 2389 559 2437 bomini
569 2390 603 2437 dii
612 2397 666 2438 suut
673 2388 778 2455 propitii,
787 2390 809 2437 ei
818 2405 864 2437 nun
876 2405 927 2437 osso
937 2390 1010 2438 irstm
1021 2398 1084 2454 puto.

270 2500 370 2563 Sticho
380 2522 388 2561 ι

332 2634 429 2682 Emriis
437 2632 524 2690 moltis,
537 2634 622 2682 mnium
633 2634 694 2696 qood
705 2633 827 2683 minimum
836 2640 882 2692 est,
892 2635 917 2682 id
924 2632 1045 2683 minium
1054 2643 1092 2683 ost
1100 2636 1192 2685 moiun.

270 2766 414 2847 Captivis:

428 2898 481 2946 Hos
488 2912 547 2959 quos
555 2898 642 2946 videtin
652 2904 714 2945 stare
724 2894 830 2959 osptiros
842 2895 908 2953 duos,

428 2979 463 3027 Hi
474 2984 543 3037 stant,
553 2994 598 3027 non
609 2980 698 3027 sedant.
731 3010 734 3017 ·

268 3106 340 3171 Qnse
358 3108 420 3179 jam
441 3101 522 3162 docti
545 3102 737 3183 collegerunt.
780 3098 871 3161 Unde
890 3108 921 3157 et
941 3096 1028 3179 istam
1042 3096 1150 3159 summi
1169 3092 1262 3159 critici

269 3222 420 3263 censuram
435 3200 561 3261 meruit:

428 3332 528 3379 Plautus
539 3330 569 3378 sd
578 3328 699 3392 exemplar
709 3325 782 3373 Siculi
793 3341 918 3388 properare
928 3326 1062 3387 Epiohsrmi

428 3412 529 3460 Dicitur.

271 3568 443 3645 Quanquam
454 3582 525 3624 sane
538 3562 608 3624 alibi
622 3582 681 3623 non
694 3557 848 3622 invenuste
867 3560 903 3619 iis
923 3579 992 3619 usus
1010 3571 1065 3620 est.
1106 3563 1181 3627 Qua
1193 3560 1263 3621 Me·

269 3664 378 3723 nander
389 3673 498 3733 tamen,
513 3672 544 3720 et
557 3659 654 3737 imago
672 3662 744 3733 ejus,
764 3660 802 3719 de
816 3678 876 3738 quo
888 3678 966 3717 nune
976 3658 1081 3737 agium,
1097 3658 1261 3731 Terentius,

269 3769 404 3837 tanquam
425 3776 491 3817 cum
508 3756 640 3836 periculo
660 3760 824 3831 conjuncta,
842 3754 918 3814 serio
930 3753 1078 3832 fugerunt.
1119 3754 1196 3814 Haee
1208 3774 1263 3835 pro

269 3856 328 3915 viro
349 3854 476 3915 maximo
496 3853 636 3921 Horati03
656 3871 753 3931 neque
773 3852 910 3912 adversus
932 3850 1067 3911 Plautum
1088 3852 1264 3926 dictasunt,

270 3970 355 4029 quem
369 3970 508 4021 amamus,
520 3950 701 4029 suspicimus,
717 3948 872 4028 diligimus,
888 3966 924 4007 ac
941 3967 1132 4018 veneramur3
1151 3967 1262 4020 verum,

272 4059 302 4107 ut
315 4048 462 4124 judicium
478 4048 520 4107 sic
535 4066 694 4115 acuamus3
715 4046 799 4105 simul
818 4056 851 4103 ut
871 4043 952 4104 acuti
964 4044 1021 4116 isti,
1037 4044 1118 4123 quod
1129 4044 1264 4104 videntur

268 4142 331 4213 sibi,
346 4143 386 4203 ite
396 4144 604 4204 facetissimum
615 4144 783 4223 scriptorem
793 4152 900 4213 ament,
915 4142 1025 4219 legant,
1037 4151 1162 4201 tractent
1174 4154 1264 4220 atque

270 4239 402 4300 ediscant
416 4241 509 4321 (quod
523 4254 554 4300 et
568 4250 649 4299 reete
662 4251 692 4299 et
707 4239 807 4299 ordinm
826 4240 863 4298 ab
878 4238 912 4297 iis
925 4238 989 4296 fieri
1002 4237 1144 4297 fatemur:
1165 4258 1263 4317 neque

269 4337 344 4396 enim
358 4338 429 4397 satis
444 4337 639 4398 commendari
654 4336 762 4416 potest)
776 4346 807 4395 ut
820 4356 876 4395 nee
889 4335 976 4414 plane
990 4348 1021 4394 et
1039 4335 1146 4412 ubique
1159 4335 1265 4395 veteri-

270 4432 322 4492 bus
336 4434 477 4513 probasse
497 4453 529 4493 se
550 4432 747 4492 meminerint:
770 4443 811 4505 et,
827 4432 906 4511 quod
926 4431 975 4491 hic
989 4431 1137 4511 praecipue
1151 4443 1265 4512 specta·

268 4544 342 4601 mus,
356 4530 395 4590 de
411 4530 537 4590 Horatio
552 4528 674 4609 ejusque
688 4528 763 4600 crisi,
781 4530 874 4589 minus
892 4528 985 4588 libere
1006 4530 1181 4607 loquantur:
1202 4529 1263 4588 Te.

269 4626 350 4685 rentii
361 4637 459 4686 autem
473 4628 586 4697 miram,
598 4645 634 4686 ac
642 4645 733 4705 prope
742 4624 916 4685 ineffabilem
930 4625 1134 4696 amoenitatem,
1146 4626 1265 4702 elegam.

269 4720 346 4793 uon,
364 4723 510 4799 judicium
530 4742 566 4785 ac
588 4733 779 4796 venustatem,
798 4722 964 4803 intelligere
983 4721 1124 4803 paulatim
1138 4720 1264 4782 meent

307 4836 383 4881 vot.
399 4838 422 4881 1.
607 4878 610 4885 ,
770 4838 793 4881 u
839 4882 842 4887 ,
