3242 5559
591 774 653 838 DE
675 774 914 841 THEA'l'RO.
1166 784 1253 845 lxxiii

253 958 385 1013 versum
396 964 544 1017 mensures
554 955 720 1021 desiderare
729 960 837 1041 possit:
857 972 929 1041 qun‘s
939 962 1071 1023 nimirum
1082 962 1260 1024 ex‘l'eren!

249 1052 337 1121 tiano,
358 1050 487 1111 omnium
510 1048 679 1114 Latinorum
701 1058 950 1134 grammaticorum
970 1058 1140 1133 cultissimo,
1162 1062 1244 1119 etin

247 1147 304 1207 lmc
327 1166 360 1206 re
377 1146 534 1227 plurimum
546 1150 717 1225 exercitato,
739 1154 892 1215 desumere
911 1154 1022 1215 licebit
1064 1156 1124 1216 Hic
1144 1156 1243 1235 itaque

248 1242 319 1303 libet
332 1242 555 1307 adolescentulis
568 1248 708 1307 bonarum
726 1248 872 1309 literarum
885 1252 1022 1312 studiosis
1035 1254 1163 1313 breviter
1174 1274 1244 1333 pro·

247 1358 373 1418 ponere:
393 1341 526 1421 primum,
546 1344 625 1405 unde
638 1356 707 1406 neta
719 1347 756 1406 sit
769 1349 924 1418 comoedis,
939 1368 1057 1428 quoque
1071 1360 1159 1429 pecto
1173 1363 1242 1412 ente

248 1436 453 1497 comediarum
468 1458 552 1499 usum
566 1440 676 1521 antiqui
686 1452 783 1521 poetoe
795 1442 934 1503 luserint:
955 1444 1061 1504 deinde
1072 1464 1152 1517 vero,
1174 1466 1246 1524 qno-

248 1532 336 1592 modo
355 1534 508 1595 contoedioe
526 1536 574 1616 agi
596 1552 631 1597 ac
651 1538 834 1617 pronunciari
858 1540 952 1599 solite
974 1538 1093 1612 fuerint,
1114 1546 1158 1600 ut'
1173 1542 1243 1620 quid

248 1629 304 1687 lert·
323 1630 390 1703 sint,
418 1632 490 1711 quid
514 1634 631 1705 theatro,
658 1652 750 1706 scente,
777 1642 865 1706 actus,
889 1654 1019 1711 persone,
1041 1642 1072 1696 et'
1093 1635 1123 1694 id
1149 1655 1242 1715 genus

248 1734 363 1797 cartem,
384 1726 476 1788 fecile‘
492 1720 703 1807 intelligentur.
743 1729 832 1795 Quod
852 1747 925 1809 opus
953 1731 1023 1789 dum
1047 1730 1240 1809 aggredimur,

246 1820 362 1881 facilem
375 1828 463 1901 siqua
477 1834 619 1882 attentum
628 1825 770 1883 lectorem
781 1840 845 1882 esse
859 1825 1002 1904 cupimus,
1023 1837 1056 1884 ut
1065 1826 1185 1886 tandem
1197 1819 1250 1885 in?

246 1916 367 1996 seligat,
393 1918 464 1997 quid
485 1918 522 1978 sit
543 1916 652 1993 fabula,
676 1918 826 1997 tregoedia
851 1920 996 1980 comodis
1016 1932 1110 1995 vetus,
1131 1932 1239 2003 natyra,

247 2023 362 2075 etnovs
370 2014 523 2076 comodis

543 2158 607 2217 Quid
618 2158 701 2215 sebois,
716 2158 838 2220 modin,
855 2166 940 2219 satyro,

611 2236 729 2287 comodis
737 2246 804 2285 retus
817 2246 916 2286 ctnovs.

284 2382 537 2464 Poboln'generale
549 2394 656 2443 nomen
674 2389 729 2454 est,
752 2381 945 2460 megetiam,
968 2382 1112 2462 Setyrnn,
1132 2393 1163 2443 et
1177 2382 1237 2443 Co·

246 2482 379 2542 mindism
392 2482 421 2541 in
434 2498 466 2541 se
477 2480 681 2560 complectens.
721 2478 833 2556 Estque
852 2477 953 2537 fabula
964 2478 1090 2538 narratio
1104 2477 1238 2557 qusedsm

245 2578 379 2652 conficte,
393 2588 424 2638 et
437 2577 604 2637 demissiore
618 2576 786 2655 plerumque
796 2574 862 2635 stilo
876 2594 913 2635 sc
926 2575 1055 2635 versibus
1069 2575 1237 2655 conscripta

245 2672 701 2736 adoblectetionemsudltorum.
742 2670 830 2731 Unde
839 2671 928 2731 etiam
935 2680 1061 2748 poemata
1069 2670 1238 2731 interfsbu-

243 2770 286 2831 les
307 2791 326 2832 e
343 2770 486 2831 nonnullis
498 2778 760 2830 connumerentur:
779 2778 958 2849 quapropter
975 2768 1148 2850 quibusdem
1160 2768 1238 2829 visus

246 2878 290 2928 est
303 2867 450 2928 Homerus
460 2865 581 2926 llisdem
589 2865 677 2925 instet
686 2866 847 2947 nsgoedier,
860 2864 1026 2946 Odyssean
1036 2866 1075 2925 ad
1081 2864 1238 2945 imaginem

245 2962 393 3024 moenie
406 2960 621 3041 conscripsisse.
1201 2986 1205 2991 *

286 3059 432 3137 Trugoedin
450 3068 549 3119 sutem
569 3057 668 3117 fabula
688 3066 744 3136 est,
766 3077 825 3139 qua
841 3058 952 3137 antiqui
973 3057 1237 3137 reprehendebant,

245 3155 365 3237 quodin
379 3156 468 3217 rebus
488 3174 547 3213 non
569 3152 662 3213 solum
676 3153 793 3233 privetis
815 3172 851 3215 ac
872 3152 1014 3226 civilibus,
1034 3152 1088 3213 sed
1108 3153 1237 3213 maxime

245 3254 340 3315 arduis
360 3264 392 3313 et
408 3253 447 3313 ed
460 3249 606 3331 principes
625 3248 810 3309 attinentibus
830 3249 925 3309 minus
942 3258 1059 3309 rectum
1071 3250 1236 3310 videbatur.

244 3350 279 3410 ln
288 3370 325 3411 es
336 3350 444 3411 scenici
458 3366 584 3419 amurca,
600 3358 631 3407 et
644 3345 701 3407 olei
714 3346 835 3407 fecibus
848 3346 931 3424 (quas
945 3344 1046 3403 Groeci
1064 3350 1171 3423 τρύγας
1185 3364 1235 3403 so·

245 3449 322 3527 emt)
335 3448 518 3528 perlinebsnt
531 3464 591 3517 ore,
613 3454 681 3504 ente
695 3455 778 3501 usutn
791 3458 998 3519 personarum:
1018 3438 1098 3496 unde
1116 3437 1235 3517 Tregoe·

245 3546 297 3605 dire
309 3562 426 3605 nornen.
467 3543 539 3619 Eius
555 3558 645 3621 grave
658 3548 860 3618 argumentum
874 3536 940 3607 fuit,
961 3535 1085 3615 petitum
1099 3554 1179 3612 saepe
1197 3535 1235 3595 ab

244 3642 379 3704 historice
396 3640 473 3701 lide:
494 3638 585 3699 dictio
604 3654 714 3708 severa,
742 3633 880 3708 sublimis,
903 3652 993 3713 ssepe·
1007 3630 1135 3692 tumido:
1156 3642 1234 3691 trun·

246 3741 334 3819 quills
345 3736 445 3818 prims,
467 3735 561 3795 exitus
574 3732 690 3793 funesti.

284 3836 355 3895 Post
366 3833 536 3913 tragoediam
549 3832 665 3891 inventa
680 3828 820 3897 comedia,
842 3842 909 3907 quie
930 3826 1013 3885 Vrtur
1026 3824 1106 3885 dicta
1123 3836 1184 3885 est:
1205 3822 1235 3884 in

246 3951 301 4014 qua
311 3935 356 4013 (ut
366 3932 397 3991 in
414 3928 557 4009 tregoedia
569 3926 697 4008 quoque)
709 3925 831 4004 simplex
849 3942 967 3982 carmen
979 3921 1052 3981 fuiti
1077 3921 1156 4001 quod
1171 3940 1234 3980 cer·

247 4046 311 4090 men
325 4028 432 4089 chorus
451 4028 530 4087 circa
548 4044 612 4085 eres
626 4024 772 4082 sumentes
786 4038 864 4080 nunc
876 4019 1026 4099 spetiems,
1046 4038 1126 4078 nunc
1143 4018 1236 4077 revol-

245 4143 313 4186 vens
325 4140 423 4205 gyros,
443 4140 508 4183 curn
523 4120 641 4182 tibicine
654 4118 844 4179 concinebat:
859 4126 979 4195 astque
991 4114 1085 4194 primo
1097 4134 1157 4173 une
1168 4133 1235 4192 per·

247 4238 315 4280 sons
336 4220 503 4281 cantoribus
523 4218 689 4288 substitute,
712 4232 779 4294 quer
798 4212 978 4292 respondens
997 4210 1116 4271 alternis
1134 4210 1233 4280 choro,

245 4316 441 4398 locupletabat
463 4316 651 4395 vsrisbetque
673 4329 735 4375 rem
757 4309 905 4369 musicem.
945 4307 1063 4367 Chorus
1084 4316 1182 4366 eutem
1202 4305 1233 4363 in

245 4414 393 4492 ungoedis,
406 4422 461 4472 aut·
472 4412 604 4471 Comudic
619 4410 722 4479 Vetere,
741 4404 892 4465 dicebatur
903 4402 1059 4463 multitudo
1071 4420 1234 4461 coetorum

241 4510 388 4587 juvenum,
403 4516 455 4567 sut
467 4508 609 4567 minorum
622 4505 652 4565 in
665 4504 763 4576 sectis,
776 4503 824 4563 vel
840 4521 939 4574 mene,
953 4500 1131 4561 cenmtium
1144 4508 1233 4576 etque
1267 4558 1272 4563 ,

242 4604 416 4665 munuum.

286 4702 357 4762 Fuit
368 4698 717 4762 Vertumnum-eois
726 4698 842 4757 Arcloeo
849 4696 938 4769 dictu,
945 4694 1013 4774 quia
1020 4702 1098 4754 estet
1107 4689 1146 4749 de
1152 4684 1235 4747 nobis
1291 4712 1294 4719 ·

243 4814 317 4861 vot..
331 4817 357 4860 1.
750 4812 772 4853 x
