3242 5559
328 783 367 842 xii
607 783 1100 848 PRAEFAT.L1NDENBR.

327 963 477 1046 diligentia
494 966 533 1027 ad
551 966 626 1028 Mss.
644 966 732 1029 codd.
755 964 878 1025 Antonii
899 962 995 1024 Contii
1009 974 1041 1023 et
1053 960 1159 1023 Jacobi
1173 958 1285 1038 Cujac'ii
1300 958 1363 1015 An·

326 1065 507 1120 secessurum
524 1058 745 1121 bituricensium
762 1058 886 1127 collata;
910 1075 1031 1138 quorum
1046 1054 1153 1117 auxilio
1165 1054 1194 1113 in
1209 1053 1266 1112 hoc
1280 1070 1363 1113 com·

325 1153 469 1221 mentatio
481 1154 612 1233 plurima
626 1154 738 1217 lacuna
750 1152 902 1232 suppleta,
922 1149 1037 1229 alioque
1049 1147 1160 1210 imma
1176 1156 1271 1216 mata
1291 1148 1365 1207 inte·

326 1244 497 1323 gnitatinuae
514 1248 646 1309 restituta
664 1258 741 1307 sunt.
781 1246 927 1305 Jnrarmt
940 1243 1028 1303 etiarn
1040 1238 1367 1303 nonnihil'collectanea

328 1336 470 1415 quaedam,
491 1358 558 1417 quac
574 1339 604 1399 in
621 1338 798 1401 bibliotheca
815 1336 897 1417 regia
920 1334 1084 1406 Parmensi,
1107 1345 1139 1393 et
1161 1332 1278 1391 achedre
1293 1341 1365 1391 vett.

328 1426 395 1490 Pet.
406 1430 537 1492 Danielis
547 1432 703 1506 Aureliani,
716 1432 769 1491 riri
778 1429 987 1491 humanissimi.
1024 1428 1085 1489 Sed
1098 1426 1200 1487 nescio
1214 1426 1265 1505 qui
1276 1423 1366 1485 veluti

328 1518 367 1579 de
385 1533 537 1603 compacto
556 1523 677 1597 facturn,
697 1534 730 1583 ut
752 1523 862 1593 Graeca
874 1521 940 1591 [are
958 1519 1056 1579 omnia
1075 1519 1106 1587 iu
1130 1517 1263 1577 omnibus
1285 1515 1365 1575 libris

326 1616 403 1677 adeo
411 1618 514 1679 vitiosa
524 1619 641 1699 scripta,
655 1630 689 1679 ut
702 1636 768 1679 raro
780 1616 851 1697 quid
863 1614 931 1675 inde
943 1613 1013 1674 boni
1026 1612 1169 1674 extricare
1178 1608 1304 1680 licuerit,
1316 1607 1366 1667 uel

325 1709 476 1790 indagare,
498 1714 596 1792 quod
588 1713 686 1793 specie
697 1709 770 1772 recti
779 1709 919 1791 placeret.
952 1707 1059 1787 ltaque
1072 1725 1131 1765 uon
1144 1714 1244 1764 nostro
1256 1701 1365 1777 saltim,

325 1802 515 1865 sodalicium
534 1824 650 1887 quoque
664 1804 786 1893 judicio,
805 1803 989 1863 characteres
1000 1800 1121 1859 uitiosos
1141 1812 1307 1886 proponere
1315 1813 1366 1853 ro·

325 1894 440 1967 luimus
454 1908 489 1956 ut
497 1896 615 1957 cuilibet
627 1916 679 1977 pro
693 1906 780 1975 captu
798 1915 834 1955 ac
848 1878 977 1954 lubidine
990 1878 1165 1952 emendandi
1178 1906 1267 1949 causa
1279 1886 1366 1946 relin-

324 1998 464 2065 queretur
475 1988 599 2069 integra.
1351 2008 1355 2014 ·

316 2178 320 2189 '
366 2168 638 2257 Bagraphiumnon
651 2174 700 2235 uui
714 2174 865 2235 debemus.
906 2171 1019 2253 Praeter
1031 2169 1214 2252 paueat-*15¹¹
1223 2169 1283 2255 {1¹⁸2
1298 2174 1365 2249 (1⁰5⁰
1473 2248 1478 2257 ,

321 2264 411 2341 liujus
431 2266 594 2327 scholiastae
609 2266 737 2328 Faernus
754 2268 799 2326 vir
812 2264 1045 2346 diligentissimus
1059 2264 1127 2323 olim
1145 2262 1176 2321 in
1193 2261 1279 2322 Italia
1298 2280 1366 2341 pro·

317 2358 463 2437 nulgavit,
474 2360 531 2421 alia
544 2356 632 2441 lo'nge
642 2361 725 2442 plara
734 2380 773 2420 ex
783 2357 980 2440 antiquissimo
986 2357 1063 2418 bbro
1077 2358 1152 2418 Ant.
1160 2355 1284 2417 Loiselli
1291 2356 1317 2417 1.
1328 2357 1366 2417 0.

321 2470 402 2511 nunc
422 2452 546 2533 primurn
564 2455 660 2516 edita:
681 2466 712 2515 et
729 2475 795 2535 quoe
811 2452 891 2513 buic‘
903 2452 1034 2525 deerant,
1056 2472 1093 2512 ex
1111 2451 1240 2511 nobrlisa.
1257 2450 1365 2513 Franc.

316 2540 445 2605 'olivarii
458 2544 563 2606 codice
577 2546 711 2626 suppleta
724 2556 801 2605 sunt.
843 2546 961 2606 Caetera
976 2564 1047 2605 vero
1088 2562 1135 2603 ιιι
1155 2542 1366 2616 desiderantur,

316 2636 348 2695 'si
361 2636 433 2695 tanti
451 2637 635 2709 ridebuntur,
656 2658 675 2698 a
691 2637 869 2698 felicionbus
881 2638 993 2697 melibri
1005 2565 1108 2697 seedo
1120 2634 1181 2695 fors
1201 2636 1267 2695 fuat
1285 2656 1323 2697 an
1335 2636 1366 2696 in

317 2728 421 2787 'lucem
432 2728 554 2807 proferri
567 2740 723 2809 poterunt:
744 2748 812 2791 narn
822 2738 855 2789 ut
866 2747 921 2789 nos
929 2728 979 2788 hic
988 2728 1070 2788 Italis
1078 2729 1162 2809 plura
1168 2729 1364 2808 prestitimus,

318 2818 368 2880 ¹sic
382 2819 430 2879 alii
442 2820 620 2901 diligentiam
634 2832 763 2882 noctram
779 2824 804 2883 si
817 2821 1004 2903 supplebunt,
1018 2840 1078 2881 non
1091 2820 1289 2884 invidebimus.
1303 2822 1368 2886 larus

319 2918 371 2970 est
386 2911 511 2991 publica.
562 2910 652 2975 Extat
672 2914 790 2995 quidam
808 2914 926 2976 Parisiis
944 2914 975 2973 in
992 2913 1170 2975 bibliotheca
1189 2916 1270 2997 regia
1290 2936 1367 2977 com-

324 3016 455 3064 mentum
477 3006 506 3065 in
529 3006 608 3069 hunc
631 3007 783 3080 comicum,
808 3004 980 3087 Eugrapbii'
994 3006 1080 3066 titulo
1105 3006 1292 3088 insigmtum·
1311 3011 1366 3071 sed

321 3093 418 3155 adeo
408 3108 547 3179 ineptum,
568 3102 701 3180 adeoque
714 3099 800 3181 nugis
812 3098 943 3180 punam,
955 3105 989 3159 ut
1001 3117 1071 3159 vere
1083 3100 1148 3178 quis
1160 3120 1198 3161 ex
1206 3100 1367 3163 Laciorurn

325 3186 427 3248 adcola
439 3188 553 3251 detonsi
573 3193 721 3270 cujusdam
735 3191 913 3253 tenebrionis
926 3188 1031 3251 dixerit
1042 3190 1306 3256 blatterarnentum.
1321 3195 1368 3255 id·

317 3300 408 3433 “iim
417 3283 505 3433 attium
518 3286 659 3363 eJusmcdi
672 3285 783 3347 affauiis
801 3266 959 3347 editionem
974 3284 1067 3345 banc
1070 3284 1266 3347 conaminare
1283 3288 1368 3349 nobis

318 3390 357 3429 ne
380 3392 428 3452 gro
455 3374 506 3435 ait.

318 3590 321 3597 ¹
366 3564 538 3626 Postremo:
560 3561 775 3623 observationes
793 3561 934 3640 quasdam
947 3558 1112 3636 adjecimus,
1126 3562 1231 3622 breves
1241 3560 1313 3635 illas,
1325 3576 1367 3625 ¹et

318 3668 425 3719 ἰιοιιιο
438 3677 518 3718 more
536 3656 683 3736 modoque
700 3654 812 3724 factast
831 3654 924 3733 magia
935 3652 1020 3713 atde
1036 3652 1176 3713 variam
1189 3654 1367 3719 lectionisct

327 3750 387 3813 fide
409 3749 470 3811 veri
492 3758 647 3820 constaret,
668 3765 755 3828 quam
773 3758 807 3808 ut
825 3746 938 3827 prolixe
959 3745 1008 3805 hic
1027 3746 1123 3805 onmia
1141 3746 1367 3827 explicarentur.

321 3844 417 3915 ¹(ruod
440 3842 547 3905 rectius
569 3840 668 3903 hercle
680 3860 750 3901 vero
769 3840 880 3901 facient
892 3838 1022 3919 magistri
1034 3837 1146 3899 inludo
1159 3850 1191 3900 et
1202 3844 1314 3917 umbre,
1328 3866 1367 3907 ns

322 3936 446 4017 publice
466 3940 517 4007 niv
536 3936 665 4012 ἀκρισίαν
682 3932 862 4012 ἐκθεατρίζιιι»
880 3950 1035 3992 necessum
1052 3930 1221 4004 habeamus,
1236 3946 1287 3996 aut
1298 3956 1367 3998 erm

321 4029 537 4091 insanientibus
546 4026 658 4097 furere:
650 4022 1366 4105 ·qnimrllumempliualibrurnprodirepatiuntnr‚

329 4124 383 4184 niu
375 4122 562 4203 ingentibus
573 4118 784 4180 commentariis
796 4128 956 4188 oneratum,
968 4120 1005 4187 ις
1015 4121 1052 4179 ιν
1062 4118 1152 4206 ἄχθος
1163 4118 1206 4180 εἶν
1189 4129 1368 4205 vastatores

330 4220 455 4277 πολλῶν.
508 4212 647 4288 Proinde,
666 4210 814 4282 lector,
790 4230 815 4269 ιι
834 4211 943 4290 probus
962 4230 1005 4282 es,
1026 4212 1089 4272 laus
1108 4214 1192 4275 nobis
1215 4215 1368 4282 tribuenda

332 4305 467 4389 estquod
480 4302 807 4387 agimuavenisdmb
819 4302 898 4384 quod
910 4302 1084 4385 reliquimus.
1098 4331 1102 4335 “
1128 4306 1273 4375 Felicitan
