3242 5559
554 700 670 770 ΔΟΤ.
690 699 736 766 V.
763 693 941 766 SGENA
973 691 1037 760 v1.
1253 683 1317 750 ³oe

600 936 819 1002 APPENDIX
842 933 1009 1001 SPURIA.

281 1075 324 1142 P.
344 1073 395 1142 'l'a
408 1071 665 1158 exspectabam.
679 1077 733 1138 eat
748 1071 792 1137 da
810 1077 871 1138 tua
883 1089 931 1147 re,
959 1065 1051 1153 quod
1073 1079 1172 1150 agera
1188 1079 1251 1145 ago
1272 1063 1320 1124 ta-

411 1205 489 1253 aum
506 1184 601 1252 uolo.

286 1298 375 1366 Dadi
389 1317 539 1384 operam,
561 1317 605 1362 ua
619 1315 674 1362 me
688 1313 766 1361 asae
781 1291 924 1360 oblitum
947 1289 1043 1356 dicas
1065 1291 1134 1353 tua
1149 1289 1260 1370 gnata
1275 1282 1324 1349 al·

413 1415 506 1474 tarae.
851 1437 854 1448 ·

285 1519 365 1588 'ribi
383 1540 438 1586 me
453 1520 575 1606 opinor
588 1518 756 1604 reperiare
771 1515 910 1600 dignum
923 1521 956 1581 ta
971 1519 1073 1600 atqua
1087 1513 1148 1578 illu
1160 1513 1281 1578 virum.

287 1631 384 1699 Gna·
406 1633 519 1710 Daue,
541 1631 586 1696 ah
605 1631 703 1715 perii.
727 1629 770 1694 da
788 1647 867 1694 mao
883 1644 995 1692 amora
1009 1644 1050 1692 ac
1065 1624 1137 1691 vita
1150 1642 1239 1688 uuuc
1252 1639 1327 1688 sora

414 1743 555 1810 tollitur.

291 1832 388 1923 flua.
411 1855 448 1922 N
450 1875 497 1921 ou
508 1871 601 1921 aava
613 1854 712 1920 iriae
725 1852 807 1919 mihi
823 1839 973 1918 candido
985 1855 1050 1928 ast,
1072 1849 1103 1915 si
1116 1843 1315 1925 voluissem,

403 1963 610 2051 Pamphila.

291 2075 388 2144 cui.
409 2076 546 2155 Occidi,
571 2075 681 2155 Dara,
707 2075 814 2162 parii!
843 2075 940 2142 Οιιιι.
961 2071 1030 2139 Sed
1058 2071 1093 2137 id
1116 2071 1333 2222 quamobrem

421 2205 491 2252 nou
504 2186 598 2254 volui
600 2187 779 2270 ,.aloquar
851 2251 855 2260 ,

295 2297 533 2377 Nouidcirco,
556 2298 650 2384 quod
671 2315 747 2364 aum
762 2295 894 2363 affinem
911 2295 993 2361 mihi
1006 2293 1144 2362 nollem.
1166 2293 1208 2360 P.
1232 2293 1335 2372 Ham,

423 2415 513 2477 tace.

297 2518 393 2585 Gna.
416 2519 487 2585 Sad
509 2517 661 2583 amicitia
675 2522 803 2597 nostra,
825 2537 904 2603 qum
926 2523 979 2583 est
1000 2515 1191 2601 apatribus
1212 2513 1337 2580 uostris

426 2628 562 2708 tradita,

300 2738 383 2805 Non
396 2739 548 2824 aliquam
561 2744 693 2825 partem
707 2741 811 2807 studii
827 2737 1008 2805 adductam
1023 2737 1110 2805 tradi
1124 2737 1254 2818 liberis,

301 2849 403 2917 Nunc
419 2871 497 2916 cum
512 2851 615 2939 copia
629 2857 731 2938 atqua
746 2853 882 2918 fortuna
893 2853 1027 2940 utrique
1039 2860 1079 2918 ut
1088 2853 1341 2938 obsequeretur,

430 2961 534 3039 dedit,
549 2960 657 3027 datur.
681 2962 723 3028 P.
749 2962 843 3028 Baua

303 3069 464 3139 Factum:
489 3073 558 3150 abi,
580 3079 683 3160 atqua
702 3093 766 3157 aga
781 3073 907 3157 gratias
929 3074 1068 3141 homiui.
1091 3075 1187 3142 Cau.
1210 3075 1344 3154 Salvos,

433 3182 593 3250 Chremes
604 3185 789 3251 amicorum

306 3289 464 3358 idearum
486 3295 635 3382 omnium
660 3295 743 3361 mihi
768 3296 955 3374 carissime,
979 3297 1072 3380 quod
1095 3297 1178 3362 mihi
1198 3313 1347 3362 commo·

435 3403 517 3468 dum
530 3411 594 3482 est,
609 3405 747 3489 gaudio,

315 3509 428 3606 Quam
441 3512 488 3594 id,
511 3515 642 3600 quoda
662 3521 696 3582 te
719 3523 859 3602 expeto,
883 3533 937 3581 ma
959 3517 1138 3600 reperisse,
1162 3517 1350 3584 athabiius

438 3617 582 3692 antehac
596 3626 648 3693 fui
868 3691 871 3698 ,

310 3731 389 3800 'libi
404 3735 563 3818 animum,
577 3756 646 3823 quo
659 3739 851 3824 adaumquo
865 3739 1050 3824 applicatis
1066 3739 1213 3804 studium
1228 3736 1351 3806 exinde

441 3856 479 3914 ut
491 3849 565 3930 erit,

309 3953 400 4023 Tute
413 3959 663 4026 existimaveris
673 3961 710 4026 id
722 3963 772 4028 ita
785 3981 862 4028 auae
876 3959 988 4027 facere
1002 3979 1048 4027 ax
1059 3980 1114 4029 ma
1126 3961 1355 4048 conjecturam

445 4086 491 4135 ax
511 4089 567 4136 ma
581 4071 673 4137 licet.

318 4176 460 4245 Alienus
474 4181 583 4247 abste
598 4187 709 4248 tamen
723 4182 801 4268 quia
815 4189 852 4248 tu
866 4199 974 4282 assas,
992 4181 1148 4264 noveras,
1163 4186 1213 4252 ita
1226 4207 1280 4252 res
1293 4183 1359 4252 arti

445 4287 543 4358 Cura.
565 4291 713 4358 Gnatam
730 4293 794 4360 tibi
807 4315 920 4362 meam

319 4401 554 4472 Philumenam
567 4417 720 4485 moram,
736 4411 770 4471 ai
783 4407 875 4473 dotia
888 4422 952 4473 aex
967 4407 1094 4474 talanta
1108 4405 1274 4492 spuudau.
