3242 5559
337 690 378 743 98
649 676 1017 740 ARGUMENTUM.

336 860 378 933 id,
394 862 475 941 quod
491 880 615 941 persona
630 860 661 919 in
681 860 823 941 superiori
842 881 933 921 scena
950 861 1096 931 desinens,
1110 872 1141 920 et
1157 860 1186 919 in
1197 860 1329 944 proxima

337 956 479 1037 incipiens
498 957 587 1037 loqui,
598 978 658 1017 non
676 956 849 1035 intelligitur
868 958 1013 1036 ingressa:
1035 956 1115 1037 quod
1132 958 1225 1036 ipsum
1239 976 1327 1036 expe·

338 1054 446 1115 rientes
458 1055 558 1115 statim
572 1053 737 1133 dijudicant
759 1054 798 1113 de
817 1072 915 1114 rerum
928 1072 964 1113 ac
975 1065 1137 1134 temporum
1159 1054 1327 1134 quantitate.

339 1160 437 1230 potest
443 1151 520 1212 enim
533 1149 607 1222 lieri,
617 1162 651 1210 ut
661 1160 691 1211 et
702 1150 739 1211 sit
748 1150 880 1229 ingressa
889 1169 924 1209 ac
935 1169 1061 1229 egressa,
1072 1169 1159 1229 quum
1170 1169 1258 1228 prave
1267 1170 1328 1209 cre·

339 1247 434 1306 dimus
458 1247 496 1307 de
522 1246 674 1326 proscenio
696 1266 756 1306 non
785 1246 951 1306 recessisse.
993 1245 1082 1305 Posse
1106 1257 1203 1306 autem
1226 1245 1328 1324 quinto

340 1343 440 1421 egredi
460 1361 624 1422 personam,
638 1362 698 1402 non
718 1354 750 1401 et
766 1361 887 1403 necesse
901 1362 965 1403 esse
983 1342 1115 1413 dicimus,
1137 1350 1171 1401 ut
1188 1352 1329 1421 appareat

339 1439 418 1498 ultra
429 1438 512 1499 exire
523 1458 581 1499 non
594 1458 696 1519 posse3
715 1438 747 1496 in
764 1438 907 1517 trsgoedia
918 1448 947 1499 et
960 1438 1076 1520 parcius
1086 1436 1175 1509 exire,
1190 1446 1221 1497 et
1234 1436 1328 1497 solere

338 1535 447 1614 pariter
454 1546 488 1597 et
497 1535 596 1596 licere.
617 1534 730 1595 Primus
740 1534 865 1594 ectusin
876 1535 990 1595 Andria
998 1534 1191 1595 narrationem
1206 1531 1331 1591 Simonis

337 1631 536 1711 apudSosiam
543 1632 674 1692 continet
683 1631 864 1710 argumenti:
884 1632 962 1710 quod
970 1631 1096 1711 popolus
1108 1630 1167 1689 hac
1175 1628 1331 1688 occasione

339 1728 478 1807 perdiscit
487 1748 557 1788 mox
569 1728 717 1808 querelam
728 1728 806 1807 apud
815 1747 848 1787 se
861 1727 940 1787 Davi
958 1728 997 1787 de
1015 1726 1142 1797 domino,
1162 1723 1332 1801 etejusdem

340 1844 411 1884 cum
428 1825 664 1885 dominoverba:
685 1835 717 1884 et
729 1844 828 1885 rursus
842 1824 974 1902 ejusdem
994 1824 1070 1884 servi
1091 1820 1331 1883 deliberationem

336 1908 521 1999 'quidrerum
534 1930 628 1999 gerat.
672 1920 800 1981 Secundi
822 1932 903 1981 actus
922 1923 990 1981 haec
1007 1931 1090 1981 sunt:
1112 1920 1232 1981 Charini
1244 1920 1334 1980 verba

340 2016 434 2095 primo
446 2036 513 2076 cum
523 2015 649 2097 Byrrbia
661 2035 756 2088 servo,
776 2027 806 2076 et
819 2027 887 2095 post
897 2036 964 2077 cum
974 2016 1199 2097 ipsoPamphilo
1210 2016 1248 2077 de
1258 2036 1331 2096 nup-

341 2113 389 2172 tiis
404 2112 601 2171 Philumene:
622 2113 702 2172 Davi
715 2112 904 2185 interventus,
927 2124 1043 2173 etcum
1064 2132 1100 2173 eo
1114 2113 1273 2193 disputado
1293 2112 1331 2173 de

339 2208 447 2287 nuptiis
462 2208 622 2287 Pamphili:
645 2209 787 2288 Pamphili
807 2228 903 2269 sermo
919 2229 984 2269 cum
1004 2221 1098 2289 patre,
1120 2210 1189 2269 dolo
1211 2228 1333 2269 consen-
1458 2234 1463 2247 ·

340 2303 621 2383 tientisinnuptias:
642 2304 776 2382 Byrrhiae
789 2307 895 2365 verba:
917 2306 995 2364 Davi
1005 2306 1111 2367 callida
1120 2306 1212 2365 oratio
1231 2306 1334 2365 edver-

340 2420 406 2459 sum
425 2419 535 2459 senem.
577 2399 679 2459 Tertio
703 2401 782 2458 actui
802 2401 868 2459 haec
890 2401 1101 2462 attribuuntur:
1123 2401 1249 2481 Mysidis
1266 2418 1333 2460 cum

341 2496 499 2557 obstetrice
510 2496 698 2575 colloquium,
715 2495 802 2556 Davo
816 2514 851 2556 ac
872 2495 989 2557 Simone
1012 2497 1213 2559 audientibus:
1233 2508 1334 2577 partus

342 2593 475 2672 Glycerii
483 2602 633 2671 suspectus
642 2592 716 2662 seni,
729 2601 759 2650 et
772 2592 849 2650 Davi
861 2592 939 2671 apud
949 2612 1017 2651 eum
1027 2592 1212 2653 fraudulenta
1224 2612 1334 2654 senno·

342 2689 467 2750 cinatio=
489 2688 613 2748 Simonis
626 2689 715 2747 verba
726 2707 791 2746 curu
811 2689 969 2749 Chremete
980 2686 1016 2748 de
1027 2688 1153 2767 nuptiis:
1175 2688 1253 2749 Davi
1267 2709 1333 2769 per·

342 2785 470 2846 turbatio
483 2804 519 2845 ac
528 2784 679 2863 Pamphili.
719 2786 864 2850 Quartum
875 2796 973 2843 actum
984 2800 1035 2863 per
1050 2785 1115 2844 baec
1126 2784 1332 2864 intelligimus:

343 2884 438 2962 prima
461 2880 579 2942 Charini
592 2882 683 2940 verba
695 2891 764 2941 sunt
784 2880 971 2958 indignantis,
993 2881 1074 2939 velut
1095 2880 1184 2939 iidem
1200 2881 1255 2940 sibi
1275 2900 1334 2941 non

344 2989 487 3039 servatam
498 2997 517 3037 a
528 2977 698 3056 Pamphilo:
718 2988 780 3035 tum
797 2975 924 3055 Mysidis
942 2976 1032 3036 verba
1044 2977 1123 3056 apud
1142 2976 1335 3056 Pamphilum,

344 3075 535 3153 ejusdemque
545 3084 682 3153 questus:
704 3072 782 3132 Davi
795 3071 1004 3132 administratio
1015 3072 1074 3132 doli
1088 3072 1226 3133 adversos
1241 3073 1334 3133 Chre·

346 3183 465 3231 motem.
485 3170 523 3229 In
533 3169 633 3249 quinto
644 3180 732 3229 actu:
754 3168 879 3228 Simonis
892 3179 923 3227 et
937 3168 1098 3229 Chremetis
1106 3170 1334 3249 propejurgium

347 3267 520 3348 disputatio:
541 3277 603 3326 tum
622 3265 754 3325 detectio
774 3264 954 3323 fallaciarum
976 3266 1071 3324 Davi:
1091 3276 1154 3325 tum
1176 3266 1335 3345 indignatio

346 3365 435 3443 patris
447 3363 586 3423 adversus
598 3360 706 3421 filium:
728 3373 791 3421 tum
805 3359 933 3421 Critonis
945 3361 1143 3422 interventus:
1165 3373 1195 3421 et
1205 3382 1258 3442 per
1268 3382 1335 3422 eum

347 3460 471 3540 cognitis
492 3460 578 3521 rebus
600 3460 630 3517 in
648 3457 836 3536 tranquillum
856 3476 903 3517 ros
923 3470 998 3529 acta,
1024 3458 1197 3518 ducentibus
1217 3478 1335 3531 uxores,

347 3576 421 3636 ques
441 3555 675 3633 concupiverant,
692 3553 845 3631 Pamphilo
866 3564 896 3613 et
916 3555 1053 3616 Charino.
1093 3555 1174 3615 Illud
1187 3575 1336 3617 noncom·

349 3672 467 3712 movere
480 3671 534 3710 nos
544 3638 644 3721 debet,
657 3650 738 3729 quod
756 3650 786 3707 in
797 3649 900 3708 horma
915 3662 1030 3709 actuum
1041 3650 1223 3711 distinctione
1235 3652 1337 3712 viden·

350 3758 398 3806 tur
412 3747 450 3805 de
469 3745 622 3825 proscenio
635 3764 695 3804 non
716 3744 884 3804 discessisse
901 3766 1035 3826 persouae
1055 3748 1207 3827 quaedsm;
1226 3750 1279 3809 sed
1293 3760 1338 3809 te·

351 3861 422 3902 nere
436 3842 585 3913 debemus,
598 3840 666 3901 ideo
682 3840 853 3901 Terentium
866 3842 1018 3903 vicinitatis
1035 3844 1213 3903 mentionem
1233 3844 1338 3905 fecisse

351 3937 381 3995 in
391 3938 541 4019 principio,
552 3951 586 3999 ut
598 3940 717 4000 modico
730 3950 852 4020 receptu
872 3948 901 3998 et
914 3940 1016 4000 adesse
1028 3952 1059 4000 ct
1070 3941 1175 4001 abesse
1188 3960 1338 4019 personam

348 4032 559 4113 intelligamus.
600 4036 679 4096 Nihil
693 4055 763 4115 ergo
778 4055 863 4096 secus
881 4036 991 4097 sactum
1012 4049 1058 4097 est
1077 4038 1115 4097 ab
1135 4037 1270 4118 antiquis,
1290 4040 1338 4118 qui

355 4130 392 4189 ad
405 4130 483 4192 hunc
493 4130 612 4193 modum
623 4133 814 4193 Terentianus
827 4132 939 4195 fabulas
953 4134 1121 4196 diviserunt.
