3242 5559
457 790 645 856 VICTOR
666 792 729 855 DE
751 788 1004 856 COMOE’DIA.
1183 793 1227 855 lxi

238 972 324 1033 fidem
334 973 525 1035 absolvamus.
569 974 728 1036 Comoedioe
742 995 849 1037 nomen
862 996 881 1035 a
893 976 1038 1036 Daemone
1053 975 1148 1037 Come
1160 976 1228 1037 reli·

238 1071 319 1151 giose
337 1072 493 1131 admodum
513 1070 684 1133 arbitramur
704 1093 768 1135 esse
790 1074 957 1145 deductum,
977 1074 1113 1153 quoniam
1134 1084 1164 1133 et
1178 1093 1229 1135 co·

238 1167 357 1227 mmssri
367 1167 405 1227 dc
418 1169 534 1228 nomine
545 1168 655 1230 dictum
670 1170 861 1231 Philostratus
874 1170 1006 1241 affirmat,
1022 1174 1107 1249 cnjus
1116 1170 1231 1231 scilicet

237 1264 363 1323 numinis
387 1263 559 1325 dexteritate
585 1266 724 1345 quelibet
748 1266 914 1327 hominibus
937 1265 1034 1327 fausta
1057 1268 1230 1327 comessatio

238 1361 367 1420 daretur.
417 1360 497 1427 Quid
517 1372 614 1421 autem
638 1364 677 1423 sit
699 1364 866 1435 comesuri,
888 1362 1081 1424 Philostratus
1103 1363 1231 1442 imagine

239 1456 325 1517 Comi
337 1456 449 1516 facilius
462 1456 524 1529 tibi,
539 1477 626 1538 quam
641 1478 699 1535 ego
716 1459 835 1535 possim,
849 1461 1069 1531 demonstrabit,
1083 1460 1134 1520 ubi
1147 1459 1233 1539 fingit

238 1572 305 1613 eum
319 1552 503 1612 fervescente
517 1572 597 1613 mero
609 1553 745 1632 supinum
765 1552 932 1624 dormitare,
952 1552 1089 1635 facieque
1108 1577 1170 1637 proe
1188 1556 1233 1617 ni·

238 1648 296 1709 mio
310 1660 381 1729 potu
395 1648 580 1722 scintillante,
599 1648 746 1709 rhonchos
766 1650 803 1708 ab
827 1650 886 1707 imo
903 1660 1025 1728 penore
1044 1664 1168 1713 stertere
1181 1655 1234 1715 de·

239 1746 405 1809 ducentem.
454 1746 619 1825 Utriusque
640 1764 711 1805 vero
733 1764 821 1806 sexus
843 1745 987 1818 homines,
1012 1748 1044 1807 id
1068 1750 1149 1828 quod
1171 1750 1235 1830 ipse

239 1843 393 1916 desideret,
414 1842 558 1923 gregatim
571 1843 698 1903 vestibus
710 1842 890 1922 permutatis,
905 1844 1067 1924 plausuque
1080 1846 1234 1921 concinno,

239 1961 297 2024 quo
316 1941 443 2003 maxime
456 1950 576 2021 pomum
596 1940 684 2019 genio
704 1938 866 2018 indulgere.
907 1940 994 2007 Quod
1013 1942 1107 2023 ipsum
1128 1943 1158 2002 in
1177 1943 1237 2005 hac

239 2040 311 2099 urbe
323 2038 430 2117 soepius
447 2036 551 2107 vidisti,
567 2055 655 2117 quum
674 2035 810 2096 mimariae
829 2040 873 2116 (ut
887 2038 980 2115 ajunt)
1001 2038 1168 2102 saltationes
1182 2042 1237 2121 by·

240 2134 338 2195 bernis
350 2132 484 2193 noctibus
498 2132 725 2203 debacchentur,
741 2154 806 2214 quse
819 2145 895 2197 teste
908 2136 1027 2197 Polluce
1041 2137 1171 2218 κόρδωκις
1185 2158 1237 2219 ep·

240 2231 341 2311 pellsri
367 2240 558 2290 consuerunt.
599 2229 670 2289 Noli
693 2229 782 2309 igitur
802 2252 853 2292 eos
875 2234 987 2305 audire,
1009 2236 1059 2314 qui
1079 2238 1237 2297 comessari

240 2328 350 2389 dictum
365 2337 470 2407 putant
483 2326 521 2386 ab
535 2346 598 2397 esu,
619 2326 755 2405 quonism
776 2348 790 2387 s
811 2328 933 2409 simplici
953 2331 1118 2390 necessario
1130 2333 1238 2393 scribe·

242 2438 328 2497 retur,
354 2444 413 2485 nec
436 2444 523 2484 secus
544 2423 649 2483 eruditi
673 2434 804 2485 veterum
826 2425 943 2486 codices
964 2426 1116 2487 haberent.
1158 2428 1237 2487 Nam

243 2522 382 2583 Graecum
399 2520 469 2581 illud
484 2522 609 2601 κωμάζω,
623 2521 870 2600 quemadmodum
884 2542 901 2582 a
918 2522 1025 2583 litteras
1043 2534 1148 2583 natura
1161 2524 1238 2585 desi·

243 2622 335 2691 derat,
352 2620 461 2700 duplici
475 2638 503 2679 ss
522 2618 629 2679 Latine
650 2618 768 2699 quidem
787 2630 950 2692 sonentur,
972 2618 1056 2679 sicuti
1077 2624 1238 2701 φιλικκιζω,

242 2719 409 2800 philippicae
423 2728 477 2777 est.
518 2716 566 2777 lte
586 2718 711 2797 supplic
732 2716 812 2796 qnasi
835 2716 1008 2798 κωμωζωδὶα,
1030 2716 1168 2777 videlicet
1192 2738 1241 2779 co·

243 2816 429 2877 messentium
445 2813 590 2872 hominum
605 2814 759 2873 cantilena.
801 2816 875 2880 Quae
893 2814 1065 2874 Graecorum
1084 2824 1115 2873 et
1128 2814 1239 2876 Donati

242 2913 387 2974 sententia
401 2912 522 2971 maxime
537 2911 653 2990 plecet;
673 2930 761 2991 quum
780 2911 941 2988 prasertim
959 2910 1142 2971 doctissimus
1162 2912 1241 2991 quis·

243 3029 300 3090 que
313 3010 441 3069 letentur
455 3007 484 3065 in
499 3007 683 3087 Dionysiucis
701 3006 958 3067 comessationibus
971 3008 1001 3067 id
1016 3027 1108 3086 genus
1122 3027 1241 3086 poema·

244 3108 279 3167 tis
292 3126 310 3167 a
325 3106 474 3166 veteribus
490 3103 580 3164 fuisse
597 3104 786 3165 celebratum.
826 3103 854 3163 Ii
872 3123 942 3165 vero
961 3104 1032 3164 mihi
1052 3104 1134 3165 nullo
1153 3114 1243 3185 pacto

244 3202 367 3263 blandiri
382 3212 514 3281 possunt,
529 3199 579 3279 qui
593 3218 699 3259 nomen
714 3198 768 3259 hoc
778 3202 835 3261 ἀπὸ
848 3212 903 3262 τῶν
916 3212 1014 3281 κωμῶν
1029 3201 1160 3263 derivare
1172 3222 1242 3263 coo·

246 3302 380 3369 tendunt,
408 3297 545 3377 quoniam
567 3297 761 3355 Athenienses
787 3298 876 3375 (apud
900 3318 974 3376 quos
996 3310 1095 3358 natam
1117 3299 1190 3368 fere,
1211 3308 1243 3359 et

246 3410 360 3459 suctum
373 3416 438 3456 esse
453 3393 634 3455 Comoediam
648 3412 735 3451 nemo
745 3393 878 3471 ambigit)
893 3394 998 3472 δήμους
1011 3405 1163 3466 vocarunt,
1176 3414 1244 3473 quse

248 3498 283 3557 sb
296 3496 360 3556 aliis
375 3490 600 3573 superfuissent
614 3488 779 3567 appellate.
812 3488 969 3549 Enimvero
983 3489 1056 3548 illud
1071 3509 1160 3548 unum
1174 3490 1244 3548 mdti

248 3593 398 3672 negotium
418 3589 500 3658 fecit,
522 3606 560 3646 ne
579 3586 692 3647 scilicet
714 3587 838 3646 Comum
858 3588 915 3646 ἀπὸ
935 3596 990 3646 τῶν
1009 3596 1108 3666 κωμῶν
1128 3585 1247 3645 Graeeia

250 3690 375 3751 dixerit:
396 3678 641 3765 quemadmodum
659 3682 1001 3745 Romani'Fornacaliam
1017 3682 1137 3743 servatis
1151 3682 1188 3741 ab
1202 3682 1246 3740 in·

252 3786 357 3849 cendio
365 3785 483 3845 coluere
490 3781 675 3842 fornacibus:
691 3780 886 3859 etRobigum,
896 3781 956 3840 sive
967 3780 1247 3859 Rubiginem,atque

253 3882 507 3960 slioscomplures‚
522 3878 658 3958 aquibus
676 3888 836 3956 praeessent
853 3879 942 3937 rebus
955 3878 1149 3957 appellavere.
1191 3876 1248 3937 Ut-

253 3990 489 4061 cunque'temen
513 3994 577 4035 sese
602 3994 650 4035 res
674 3974 790 4043 hebeat,
812 3978 874 4054 περὶ
898 3975 929 4034 τὸ
954 3975 1088 4053 κωμάζειν
1108 3972 1248 4053 appellari

255 4076 437 4139 Comoediam
451 4072 579 4133 allirmo:
601 4070 737 4151 quoniam
757 4070 810 4129 etsi
829 4073 890 4151 περὶ
910 4077 960 4138 τὰς
981 4070 1212 4148 repudientur
1233 4071 1249 4128 ὀ

256 4187 353 4256 κῶμος,
369 4185 468 4233 tamen
487 4172 524 4229 ab
548 4189 584 4229 eo
603 4169 634 4229 τὸ
653 4169 797 4245 κωμάζειν,
816 4168 894 4226 unde
913 4166 1040 4263 κωμῳδία
1059 4166 1141 4245 quusi
1161 4189 1250 4256 repro·

256 4274 359 4341 (dnos
376 4270 432 4350 ᾀδη
452 4267 629 4327 nominetur.
672 4266 783 4327 Verum
804 4284 842 4324 ex
863 4262 928 4342 ipso
945 4264 1007 4341 Jam
1028 4262 1144 4321 nomine
1157 4262 1253 4341 patuit

256 4386 390 4447 quoenam
406 4362 537 4424 definitio
558 4360 651 4442 possit
665 4359 825 4421 Comoedioe
840 4358 1003 4429 convenire,
1023 4378 1130 4437 poema
1142 4357 1254 4417 scilicet

258 4462 459 4523 demulcendis
471 4460 623 4523 hominum
641 4458 793 4529 mentibus,
807 4456 1050 4534 excutiendisque
1070 4455 1253 4535 potissimum

259 4559 407 4621 cachinnis
422 4557 682 4619 accommodatum.
719 4556 789 4615 Hoc
801 4553 897 4613 innuit
912 4551 1059 4631 Virgilius,
1075 4564 1105 4612 et
1116 4551 1157 4610 illi
1168 4550 1254 4609 Gree-

259 4664 368 4725 corum,
392 4654 443 4735 qui
466 4652 595 4713 Θάλειαν
613 4652 732 4712 Musam
757 4651 876 4712 comicis
896 4650 1053 4731 presidere
1072 4647 1253 4708 cecinerunt.

260 4754 335 4821 Quoe
346 4752 463 4815 scilicet
475 4749 585 4813 festivis
598 4748 742 4831 pullulans
753 4748 840 4829 jocis,
853 4747 894 4810 ad
906 4747 994 4810 risum
1007 4743 1255 4826 usque-delectet.
