3242 5559
351 764 432 827 lxviii
560 763 743 825 VICTOR
778 763 844 823 DE
878 762 1131 826 COMOEDIA.

354 945 566 1024 Interdumque
583 944 730 1005 dimidiato
748 959 868 1003 numero
879 941 974 1022 (sicuti
994 941 1099 1001 Pollux
1112 939 1172 1018 ait)
1193 939 1343 999 Semiclro·

352 1052 418 1101 rn'm
430 1040 529 1101 induci
539 1041 629 1101 facile
642 1040 802 1105 admodum·
815 1050 861 1099 est
872 1039 981 1108 uidere.
1008 1039 1091 1098 Idem
1104 1048 1233 1098 attamen
1245 1036 1347 1097 scribit

352 1138 383 1197 in
395 1136 487 1197 reteri
500 1136 650 1215 tragoedia,
672 1136 793 1196 chorum
807 1136 960 1195 saltatores
972 1134 1107 1195 habuisse
1120 1132 1345 1213 quinquaginta:

352 1252 455 1293 verum
477 1234 613 1312 quoniam
638 1232 797 1313 AEsohylus
823 1232 946 1292 totidem
973 1230 1152 1290 Eumenidas
1176 1228 1346 1297 induxisset,

353 1346 419 1407 quae
440 1339 542 1389 toturn
556 1342 617 1409 prae
638 1329 824 1391 multitudine
841 1330 987 1402 theatrum
1003 1335 1244 1395 consternasssnt,
1264 1324 1346 1385 cohi·

353 1425 443 1484 bento
457 1425 524 1504 lege
543 1425 581 1485 ad
600 1425 753 1505 pauciores
774 1444 840 1485 esse
861 1424 1025 1485 deventum.
1060 1423 1194 1483 Arbinor
1209 1420 1297 1481 etiam
1316 1419 1348 1479 in

353 1520 497 1581 comoedia
517 1541 585 1581 cum
598 1522 718 1581 Donato
732 1522 819 1601 longe
832 1502 931 1600 plures
946 1521 984 1579 ab
1002 1519 1085 1579 initio
1096 1519 1187 1579 fuisse
1202 1527 1348 1588 cantores,

354 1616 492 1696 quoniam
505 1618 549 1695 (ut
563 1617 739 1678 Aristoteles
759 1608 935 1682 innaturali
949 1616 1076 1695 quadam
1086 1614 1175 1677 sentit
1187 1615 1350 1695 questione)

354 1711 439 1771 multi
457 1712 572 1772 facilius
592 1726 706 1774 serame
731 1730 869 1774 numeros
887 1724 1016 1793 possunt
1057 1714 1156 1785 Quum
1173 1712 1349 1791 igiturpost

354 1808 463 1877 fabulae
483 1810 741 1889 prologum'esact
764 1810 943 1870 orchestram
967 1809 1160 1887 ingressurus,
1187 1808 1213 1867 si
1235 1808 1351 1870 nauca

355 1914 513 1975 comtaret,
533 1923 551 1962 a
564 1904 669 1963 dextro
682 1906 775 1964 latere
795 1905 908 1966 solebat
928 1905 1036 1968 emitti:
1055 1904 1102 1964 sin
1113 1915 1213 1963 autem
1225 1901 1365 1972 asbania,

355 2018 374 2057 a
387 1997 503 2057 sinistra
515 2010 598 2077 parte
611 2000 755 2078 prodibat,
776 2002 976 2080 quadrataque
987 2000 1082 2059 forma
1094 1999 1254 2059 consistens
1267 2016 1351 2059 rece·

355 2090 458 2163 dentes
477 2093 631 2154 histriones
648 2096 830 2157 observabat.
871 2096 990 2155 Deinde
1008 2115 1165 2156 conversus
1181 2095 1220 2155 ad
1237 2105 1351 2173 specta·

356 2198 444 2259 tores,
467 2206 729 2270 quorsumcunque
743 2193 850 2271 septies
862 2192 1008 2253 theatrum
1020 2192 1197 2271 intuebatur,
1216 2189 1353 2251 totidem-

357 2302 415 2361 que
437 2285 597 2345 cantilenas
614 2284 764 2353 moderato
790 2298 875 2366 gestu
902 2287 1131 2366 pronunciabat:
1165 2287 1245 2367 quod
1266 2305 1353 2346 omne

356 2380 522 2461 παράβασις
535 2384 577 2443 ab¹
588 2382 968 2463 Aristophanepluribusin
980 2383 1051 2443 locis
1058 2393 1249 2462 nuncupatur.
1290 2382 1353 2440 Pri-

355 2498 404 2537 ma
421 2478 511 2556 igitur
536 2475 683 2541 cantilena
706 2481 803 2541 statim
827 2480 865 2541 ab
888 2478 1059 2540 histrionum
1078 2478 1206 2539 discessu
1230 2478 1352 2558 prolata,

355 2578 470 2654 κορωνὶς
491 2578 637 2635 communi
657 2577 774 2637 nomine
798 2576 912 2635 dicitur.
964 2576 1042 2636 Nam
1064 2576 1202 2654 quicquid
1227 2591 1354 2654 persona

358 2668 493 2748 quapiam
505 2672 663 2731 recedente
677 2681 821 2743 cantatur,
835 2672 1017 2751 grammatici
1034 2672 1162 2732 comicos
1176 2681 1354 2750 exponentes

358 2764 491 2841 κορωνίδα
509 2767 606 2841 solent
627 2767 784 2847 appellare.
826 2768 994 2846 Κομμάτιον
1010 2787 1081 2828 vero
1100 2767 1217 2847 proprie
1238 2767 1354 2837 dicitur,

358 2871 502 2940 quatenus
524 2862 563 2922 de
582 2865 672 2923 choro
685 2875 837 2943 amputata
851 2863 1002 2943 recisaque
1017 2864 1160 2943 particula
1171 2864 1303 2925 videtur:
1323 2864 1354 2922 id

355 2978 377 3017 a
388 2958 561 3037 quibusdam
570 2959 696 3027 ιῖοθεοις
706 2972 793 3043 χοροῦ
806 2960 980 3021 norninatur.
1023 2960 1167 3032 Secunda,
1179 2959 1357 3037 παράβασις,

358 3074 418 3115 non
438 3072 524 3115 secus
545 3075 582 3115 sc
600 3066 664 3116 tota
684 3056 800 3117 saltatio
815 3055 938 3116 dicitur:
958 3056 1095 3134 quoniam
1107 3040 1207 3126 illinc‚'
1218 3056 1268 3115 ubi
1286 3075 1355 3117 con·

360 3152 474 3211 stiteret
488 3150 604 3225 morus,
626 3153 764 3231 populum
775 3172 876 3212 versus
892 3151 1020 3211 incedit:
1039 3151 1100 3211 sive
1112 3153 1297 3223 ἀνάπαιστος,
1318 3171 1355 3211 eo

361 3245 439 3325 quod
461 3244 630 3326 frequenter
656 3249 856 3325 hujuscemodi
879 3259 982 3308 cantus
1007 3258 1170 3327 euepanoe
1194 3259 1355 3328 usurparet.

360 3342 463 3401 Tertia
483 3352 597 3419 πνῖγος,
611 3356 661 3405 eut
679 3348 793 3427 μακρὸν,
816 3344 962 3407 cantilena
982 3345 1094 3404 scilicet
1115 3346 1160 3423 (ut
1181 3344 1286 3405 Pollux
1303 3345 1357 3421 ait)

360 3458 420 3499 una
446 3439 563 3519 spiritus
586 3443 773 3503 contentione
793 3443 917 3522 prolata,
937 3462 1003 3522 quae
1019 3442 1075 3502 tria
1092 3446 1285 3521 sejunguntur
1307 3444 1358 3505 ab·

362 3536 497 3609 inuicem,
520 3558 586 3597 cum
608 3540 731 3599 alterum
743 3539 826 3599 alteri
837 3539 948 3598 nullam
968 3538 1076 3599 habeat
1088 3540 1240 3601 mdonem.
1281 3541 1356 3606 Qun

361 3652 432 3693 vero
445 3646 614 3713 sequuntur,
628 3635 704 3694 inter
714 3654 747 3695 se
759 3634 886 3713 quadarn
898 3644 967 3693 sunt
976 3635 1089 3696 ratione
1101 3641 1264 3710 conjuncta,
1277 3634 1357 3696 vide·

361 3728 431 3789 licet
445 3733 547 3809 στροφὴ
560 3729 606 3787 vel
619 3730 685 3810 p'b),
705 3730 766 3791 sive
781 3734 879 3809 μέλος,
898 3730 1041 3812 ἒπίρῤημᾱ
1053 3735 1238 3813 ἀντίστροφος
1247 3734 1296 3792 vel
1307 3735 1358 3793 dr·

362 3822 434 3908 rpdp*
454 3834 485 3883 ct
502 3824 707 3906 ἀντεπίῤῥημο,
728 3828 807 3907 quod
828 3829 895 3889 loco
915 3827 1038 3908 septimo
1056 3831 1237 3901 cantabatur,
1254 3834 1358 3910 στροφὴ

363 3918 440 3978 enim
453 3918 513 3979 sive
527 3922 708 4003 ἀντίστροφος
724 3924 861 3984 membris
879 3935 910 3985 et
928 3926 1087 3987 amum
1104 3946 1213 4006 genere
1225 3928 1359 4005 quadrat

328 4056 331 4073 ι
364 4014 477 4075 Rursus
501 4016 642 4097 ἐπίρρημα
665 4020 862 4099 tmdecunque
885 4022 942 4083 sibi
966 4024 1141 4085 conveniens
1163 4023 1360 4104 ἀντεπιῤῥημιι

365 4110 442 4171 solet
450 4112 570 4174 habere.
610 4116 753 4181 Quoniam
763 4117 915 4199 utrobique
923 4120 985 4180 fere
995 4137 1110 4200 semper
1119 4122 1225 4185 chorus
1234 4122 1358 4199 exiam·

365 4206 410 4265 bis
423 4216 592 4269 tetraruetra
604 4212 752 4273 sexdecim
766 4215 976 4288 modularetur,
996 4227 1091 4277 totum
1102 4219 1160 4285 hoc
1178 4219 1263 4279 simul
1282 4244 1360 4300 χορι-

366 4304 414 4366 κὸν
432 4307 605 4385 appellatur,
626 4310 743 4388 quando
757 4312 910 4373 comoediae
925 4316 1182 4393 partemvolumus
1194 4318 1359 4397 assignata:

367 4410 492 4479 quatuor
509 4403 681 4476 emmeant,
702 4405 839 4467 videlicet
850 4413 1002 4490 πρόλογος,
1024 4412 1074 4492 qui
1088 4413 1129 4473 ad
1149 4433 1361 4492 egressumus·

368 4515 427 4577 que
444 4498 526 4559 chori
539 4513 728 4580 prorogatur:
750 4503 858 4565 deinde
870 4508 1000 4587 χορικὸντ
1021 4521 1052 4569 et
1066 4510 1148 4587 quod
1166 4510 1360 4593 interponitur

369 4594 475 4668 choris,
496 4598 662 4660 ἐπεισόδιονι
683 4610 830 4679 postremo
845 4602 947 4675 ἔξοδος,
966 4624 1033 4683 quoe
1053 4606 1167 4667 scilicet
1187 4626 1206 4669 a
1223 4607 1314 4667 clroro
1330 4607 1362 4666 in

370 4693 452 4755 calce
471 4695 622 4755 comoediee
636 4697 852 4775 pronunciatur,
873 4710 905 4760 ut
925 4700 1029 4763 Pollux
1052 4702 1203 4787 intqueqrto
1222 4703 1360 4783 scripum
