3242 5559
541 784 796 847 TERENTII
822 783 957 844 vina,
1144 788 1248 861 uarii

248 965 559 1049 ‹pnmr'uipsenrdo
586 965 695 1027 nonin
722 965 856 1028 omnibus
883 963 1250 1027 roimlnibauunussit.

250 1066 413 1147 Utcunque
424 1084 496 1126 sero
508 1064 567 1126 siat
579 1064 655 1137 aliae,
674 1060 783 1143 ubique
802 1062 898 1145 prima
907 1064 1039 1125 omniurn
1050 1074 1099 1126 est
1114 1064 1251 1125 Andrias

248 1182 338 1243 quam
350 1162 528 1229 eumedium
544 1161 711 1242 priusquam
730 1161 862 1223 edilibus
879 1162 1035 1234 rendunt,
1053 1171 1087 1221 st
1104 1162 1252 1223 Eruab'm

247 1259 326 1319 idem
336 1259 388 1331 ait,
402 1259 526 1320 Otacilio
535 1258 656 1318 multum
669 1276 703 1317 se
714 1258 832 1319 miranti
844 1257 927 1339 legit.
947 1259 999 1320 De
1007 1258 1129 1319 mna
1140 1276 1255 1319 omnm·

248 1356 363 1416 diarum
383 1355 462 1435 loqui
478 1354 626 1435 prolixum
649 1365 713 1415 est:
734 1354 772 1416 sle
794 1355 981 1437 expositione
996 1354 1147 1436 prolixius
1186 1354 1256 1415 Sed·

248 1457 391 1533 cujusque
403 1451 595 1513 mensumn
608 1464 782 1531 mgrrmsnto
795 1454 1052 1533 ejusperbreriter
1060 1454 1254 1533 commobea-

249 1568 312 1611 aum
324 1551 419 1611 lector
431 1550 576 1621 invenietr
597 1548 811 1630 expositionem
824 1550 921 1611 mdiu
931 1562 963 1617 et
974 1550 1095 1630 ingenio
1106 1550 1254 1611 molinum·

250 1647 355 1709 lienus
367 1648 510 1729 monada
523 1666 643 1709 ommno
650 1648 819 1726 iambicum,
838 1646 896 1708 ssd
907 1648 1030 1709 variam
1060 1648 1162 1711 Jambi
1174 1647 1254 1708 euius

250 1745 381 1806 matene
401 1744 703 1825 comioeaptisnnt.
743 1742 780 1804 in
802 1744 955 1807 comodis
974 1744 1254 1827 quidemnmqm

250 1852 354 1905 metor
372 1841 511 1923 loquitur,
532 1842 587 1903 sed
605 1840 779 1903 introductio
798 1860 951 1923 peuoooez
971 1862 1061 1922 quens
1080 1862 1192 1903 morem
1205 1841 1254 1903 bic

249 1938 289 2000 ad
310 1938 450 2020 prologos
462 1938 619 2001 transferre
641 1938 758 2009 nitinrr3
781 1938 885 2019 quibus
905 1938 1067 2000 scribendis
1083 1939 1253 1999 emulum

250 2035 358 2097 insidia
376 2056 497 2098 causam
519 2034 611 2097 dedit.
651 2034 908 2115 Respondendnm
925 2035 1005 2097 euim
1024 2046 1098 2107 erat,
1118 2036 1254 2096 neforto

252 2132 416 2214 procacitas
430 2132 554 2213 gloriam
573 2143 744 2207 mereretur,
761 2132 971 2214 infamiamque
989 2133 1145 2195 modestia.
1186 2132 1254 2193 Ho-

252 2250 318 2302 rrun¹
329 2250 402 2291 vero
412 2231 584 2301 stimulisac
594 2230 715 2292 vocibus
727 2230 855 2310 agustus
867 2230 961 2292 femur
973 2231 1110 2292 Athenas
1121 2230 1254 2312 petiisse,

253 2339 287 2388 ut
296 2329 471 2390 Graecorum
484 2326 600 2409 penitus
612 2327 730 2407 ingenia
741 2346 898 2405 moresque
910 2338 1120 2407 pernosceret:
1139 2336 1173 2387 et
1184 2347 1255 2387 eura

253 2424 350 2487 multia
370 2425 403 2503 in
426 2422 563 2486 Latinam
585 2418 713 2503 linguam
733 2424 893 2495 translatis,
913 2413 982 2504 post
1000 2423 1120 2503 aliquod
1139 2434 1255 2503 tempu

251 2524 313 2585 voti
332 2543 452 2603 compos
476 2522 602 2583 Romam
613 2530 765 2581 mmet
783 2538 853 2581 cum
871 2520 1023 2581 nrciordis
1041 2529 1073 2579 st
1093 2518 1254 2590 comediis,

253 2638 326 2701 quaa
343 2619 384 2681 ibi
397 2619 563 2701 scripserat,
582 2618 612 2677 in
629 2616 726 2677 nanim
744 2616 898 2697 impositis,
917 2616 981 2697 ipsc
1000 2616 1132 2677 tarresui
1150 2615 1256 2678 itinere

253 2728 350 2797 patras
364 2715 549 2798 perrexisse:
569 2714 649 2775 unde
665 2712 747 2773 breri
768 2714 892 2775 transitu
911 2714 943 2773 in
962 2714 1077 2775 Italiam
1096 2714 1257 2793 navigaret.

255 2814 317 2875 Ubi
343 2824 516 2895 exspectate
539 2810 619 2873 navis
642 2812 743 2873 audito
766 2810 928 2890 maritagio,
957 2830 1024 2891 quae
1051 2812 1133 2873 circa
1161 2812 1256 2873 sinum

253 2910 404 2992 Illyricum
431 2908 595 2991 periclitata
620 2919 693 2979 erat,
719 2918 809 2969 tantm
829 2913 956 2986 jactura
982 2908 1084 2969 dolore
1107 2920 1257 2990 permotus

256 3003 440 3087 Stimpbalim
455 3004 488 3065 in
501 3004 663 3066 Arcadiam
677 3002 857 3067 decessisse:
877 3004 976 3087 ibique
990 3004 1150 3067 defunctus
1159 3025 1196 3066 ac
1208 3026 1257 3067 se·

255 3104 353 3187 pultus
366 3102 485 3185 publice
498 3100 614 3175 fuisse,
640 3100 764 3164 Periisse
778 3124 846 3165 euro
863 3103 895 3164 in
910 3104 1052 3175 Arcadia,
1074 3104 1138 3184 ipso
1151 3102 1258 3164 eodem

255 3212 330 3263 teste
345 3199 475 3261 Eusebio
488 3208 590 3260 notum
610 3209 665 3259 est.
707 3196 748 3259 Et
768 3198 899 3282 inprimis
921 3201 1042 3281 quidem
1063 3212 1189 3279 quatuor
1207 3218 1259 3261 co·

255 3296 380 3370 moediis,
411 3294 527 3358 scilicet
556 3294 683 3367 Andria,
718 3292 876 3369 Eunucho,
911 3296 1256 3368 Heautontimorumeno,

257 3394 412 3477 Adelphis,
428 3392 628 3455 Menandrum
642 3391 823 3453 comicorum
834 3390 996 3472 principem
1006 3392 1181 3452 Graecorum
1193 3392 1259 3451 imi·

256 3502 332 3553 tatus
345 3490 492 3561 creditur:
513 3490 594 3570 qnod
607 3499 639 3549 et
651 3486 777 3551 rubricae
790 3483 1050 3551 vetustissimorum
1061 3484 1198 3549 codicum
1214 3483 1261 3547 in·

257 3600 361 3651 nunnt.
401 3586 482 3655 Quin
494 3600 609 3669 partem
623 3585 785 3667 scripturo,
804 3584 874 3666 quia
886 3581 952 3666 plus
965 3581 1150 3655 corrituionis,
1171 3600 1259 3663 qnam

257 3686 331 3748 lucis
343 3686 454 3747 babere
466 3684 529 3746 viss
546 3694 601 3757 est,
622 3682 717 3745 sciens
737 3679 831 3743 omisi.
870 3680 1002 3742 honunt
1023 3691 1055 3741 et
1069 3678 1184 3762 prologi
1198 3678 1261 3759 qul-

257 3784 324 3845 dam
335 3784 367 3844 in
382 3782 502 3865 reliquis
516 3782 630 3843 duabus
645 3780 858 3861 Apollodorum
868 3778 1062 3841 Corinthium.
1083 3775 1261 3839 Vendidisse

258 3898 325 3941 enm
343 3878 520 3940 Eunuchum
537 3896 634 3951 suum,
653 3878 732 3939 lama
752 3887 807 3948 est,
828 3874 931 3956 viginti
946 3873 1074 3936 millibus
1089 3892 1259 3935 nummum:

257 3976 337 4059 qnod
345 3976 473 4059 pretinm
485 3986 554 4037 ante
569 3994 638 4036 eum
650 3972 747 4035 nullus
760 3982 928 4051 acceperat.
968 3968 1021 4031 Ad
1035 3960 1259 4043 summum,'suo

258 4092 368 4156 genere
381 4074 522 4155 poetandi
540 4084 638 4135 untur
651 4068 694 4131 rir
708 4068 772 4142 fuit,
786 4078 822 4129 ut
834 4067 1035 4149 Hieronymus
1045 4068 1123 4128 inter
1135 4079 1262 4147 quatuor

258 4184 419 4255 metarum,
447 4172 521 4234 duos
541 4168 653 4233 scilicet
676 4166 863 4238 Graecorum,
891 4177 923 4227 et
945 4164 1068 4226 totidem
1088 4161 1262 4228 Latinorum

260 4273 352 4333 duces
377 4280 513 4351 quartum
539 4270 619 4330 bunc
645 4266 796 4329 nominare
823 4282 884 4325 uon
910 4260 1034 4335 dubitet,
1061 4262 1121 4323 boc
1147 4260 1261 4333 oraine,

260 4366 437 4440 Homerum,
459 4366 628 4447 Virgilium,
649 4360 859 4434 Menandrum,
880 4360 1071 4422 Terentium:
1097 4378 1186 4439 quam
1206 4354 1263 4418 sibi

260 4464 465 4528 excellentiam
489 4484 549 4525 non
574 4462 634 4525 stili
656 4456 789 4522 attribuit
810 4456 944 4530 altitudo,
965 4475 1062 4537 quaa
1082 4452 1182 4515 inuitis
1201 4472 1263 4514 non

260 4562 349 4624 dubie
371 4574 404 4623 et
423 4558 592 4623 Menander
613 4558 693 4640 apud
709 4576 778 4619 suna
801 4556 938 4625 vincitur,
959 4563 991 4613 ct
1013 4551 1171 4613 Terentius
1183 4546 1263 4629 apud

261 4668 384 4733 nomos,
406 4669 438 4720 et
460 4678 528 4739 que
550 4657 579 4717 in
594 4654 741 4717 comoediis
761 4672 819 4715 nou
840 4652 929 4713 modo
942 4649 1187 4717 nonoeoessariu
1208 4642 1263 4709 scd

239 4797 242 4825 3
258 4754 431 4848 plausuque
445 4756 533 4825 etism
547 4752 651 4817 vitiosa
664 4766 718 4815 esc
758 4750 839 4855 Quid
857 4768 929 4836 ergo
942 4748 1134 4817 nummorum
1147 4762 1262 4813 murum
