3242 5559
579 792 643 857 DE
665 791 923 855 TERENTIO.
1193 792 1244 856 ul's

254 976 329 1036 enim
338 993 404 1035 eum
414 972 508 1035 atroci
518 972 639 1051 alicujus
648 975 725 1036 mulo
735 985 785 1035 aut
799 974 964 1035 calamitate
976 973 1001 1033 si
1014 976 1186 1050 conjunctus
1194 977 1246 1051 sit,

253 1072 384 1133 immunis
396 1071 431 1131 fit
440 1090 476 1131 ac
488 1070 640 1132 barbsrus.
682 1072 739 1132 Illa
751 1081 851 1131 sutem
861 1070 948 1151 plsue
957 1081 1042 1133 extra
1054 1090 1138 1132 nore
1147 1073 1246 1155 legens

253 1168 424 1230 aomoediae:

349 1328 397 1391 Qui
404 1329 654 1391 pssiumnuosranirs
662 1329 712 1379 rult
719 1328 842 1388 hminem,
849 1329 916 1378 nitto
926 1328 952 1378 ἰιι
959 1329 1093 1392 ωιίιὶιιιιι

350 1409 398 1471 Qui
407 1410 541 1458 mendacem
552 1416 575 1457 sl
585 1410 718 1471 gloriosum,
727 1411 789 1474 apud
801 1408 917 1459 Cloaeine
924 1424 1021 1459 sacrum

254 1550 296 1609 Et
307 1568 375 1629 quae
388 1548 496 1609 deinde
509 1560 679 1630 sequuntur.
718 1550 808 1617 Quod
829 1548 966 1629 proiecto
984 1558 1032 1609 est
1048 1568 1068 1609 s
1086 1548 1198 1630 pulpito
1210 1549 1249 1611 sd

254 1646 414 1726 plaustrum
427 1644 533 1706 redire.
573 1644 671 1725 Legat
684 1656 793 1729 catera
807 1646 962 1726 quivolet.
1002 1644 1153 1718 Ssdlsaec,
1166 1648 1250 1714 dot'r

253 1740 425 1821 προθεωριας
434 1782 436 1789 ›
443 1744 529 1822 μέρει,
552 1741 648 1803 obiter
667 1740 725 1802 sint
737 1740 828 1803 dicta.
869 1741 957 1801 Nunc
969 1742 1080 1821 ingenii
1092 1744 1250 1805 exeroetttli

255 1856 344 1899 causa
353 1856 390 1899 sc
407 1838 511 1917 judicii
531 1838 570 1899 sd
585 1837 699 1917 ungms
711 1857 822 1911 mnus,
836 1851 868 1900 et
881 1849 1039 1920 utrumque
1051 1839 1149 1919 paullo
1162 1859 1251 1919 quam

252 1934 386 2016 plerique
407 1934 572 1995 accuratius
591 1936 788 2016 inspiciemus.
837 1936 968 1996 Prinmm
983 1936 1015 1997 in
1035 1936 1179 1997 comedis
1190 1948 1250 1997 trs·

253 2032 409 2112 goedisque
419 2043 466 2093 est
477 2032 633 2113 dispositio.
675 2033 781 2113 Neque
794 2032 996 2107 dubitandum,
1011 2033 1081 2114 quin
1098 2052 1166 2093 cunr
1180 2032 1251 2093 Ari·

253 2128 373 2189 stoteles
386 2128 426 2189 de
434 2127 620 2207 ἀὴροιίιοιιι
634 2127 761 2208 disputet
770 2130 934 2211 trsgoediae,
947 2131 1033 2192 etism
1047 2130 1199 2192 comoediae
1209 2150 1250 2191 ex
1279 2160 1285 2167 ·

253 2224 287 2283 iis
302 2224 462 2286 convenire
480 2225 620 2305 pleraque
642 2224 860 2299 existimaverit,
880 2228 936 2288 nisi
957 2227 1046 2306 quod,
1069 2237 1103 2286 ut
1121 2227 1251 2307 trsgicus

255 2320 389 2401 inponit,
408 2321 450 2380 its
468 2320 599 2381 comicus
617 2340 734 2401 quoque
752 2322 870 2385 invenit.
912 2323 995 2383 Alter
1005 2321 1082 2382 enim
1095 2324 1251 2403 accipitet

255 2416 334 2477 aliis:
356 2416 429 2477 aller
439 2416 502 2497 ipse
512 2417 568 2478 sibi
579 2417 638 2491 dat,
651 2417 731 2497 quod
740 2418 952 2500 disponendum
960 2432 1022 2489 est;
1041 2419 1131 2480 nisisi
1143 2420 1181 2479 sb
1194 2418 1252 2479 alio

255 2512 390 2574 desumet
404 2523 617 2593 argumentum,
636 2524 717 2573 certo
737 2513 817 2595 apud
830 2513 965 2575 Grecos.
1006 2513 1085 2574 Nam
1098 2513 1196 2575 Latini
1207 2514 1252 2575 fa·

254 2611 338 2671 bulas
348 2609 533 2683 Greconrm,
542 2608 729 2689 dispositione
743 2609 953 2689 aliquantillum
964 2610 1137 2691 plerumque
1148 2610 1252 2672 immu-

256 2716 317 2767 tata
331 2716 363 2767 et
376 2705 518 2786 personis,
529 2717 747 2786 expresserunt.
777 2706 822 2767 Ut
831 2726 900 2767 cum
908 2726 926 2769 e
934 2706 1094 2767 Menandri
1107 2706 1252 2770 Eunucho

257 2822 337 2863 susm
353 2803 454 2883 paucis
476 2802 636 2863 immutatis
658 2802 812 2865 Terentius
831 2803 981 2883 expressit.
1022 2802 1070 2863 Es
1081 2804 1205 2876 ratione,
1218 2813 1254 2863 ut
1292 2826 1298 2843 ·

256 2900 528 2973 DarusPartneno,
540 2898 662 2981 Chrysis
676 2899 776 2975 Thais,
791 2899 1006 2961 cheretmtus
1018 2900 1066 2959 lsic
1079 2910 1157 2961 esset
1166 2900 1252 2960 Plias·

256 2996 327 3057 dria.
368 2996 492 3057 Plauttn
513 2982 543 3055 ἰιί
562 2996 802 3077 tregico.comico
827 2996 1051 3077 Amphitryone,
1073 3016 1154 3057 more
1176 2995 1253 3057 Tra·

256 3094 388 3173 gicortm
397 3092 528 3153 fabulam
540 3094 657 3173 accepit
670 3104 701 3155 et
712 3093 872 3175 disposuits
891 3092 946 3154 sed
960 3104 991 3153 et
1003 3093 1120 3153 nomina
1132 3092 1254 3153 retinuit

256 3210 294 3251 ex
312 3200 407 3269 perte,
421 3188 502 3269 quod
520 3210 580 3250 non
598 3190 674 3250 solet
686 3191 714 3250 in
728 3190 886 3252 comoedia:
907 3209 945 3251 ex
958 3202 1053 3271 parte,
1066 3188 1146 3251 iecit.
1188 3189 1253 3250 Un-

256 3288 293 3348 de
306 3306 374 3347 raro
393 3286 536 3347 invenisse
554 3298 758 3366 argumentum
776 3286 906 3365 tragicus
926 3297 1015 3366 poeto
1027 3286 1146 3365 dicitur,
1160 3284 1255 3365 (quod

256 3395 308 3444 sut
321 3404 338 3443 e
352 3384 496 3443 relatione
510 3382 632 3443 aliomm
646 3393 698 3443 eut
710 3402 727 3442 e
740 3382 865 3462 scriptis,
879 3394 913 3442 ut
922 3382 1054 3462 plerique
1068 3400 1107 3441 ex
1119 3382 1254 3441 Homero

258 3491 307 3541 aut
328 3480 423 3561 Cyclo
441 3478 548 3561 Epicu,
569 3478 722 3560 petebant)
744 3490 849 3539 contre
867 3488 967 3537 autem
987 3476 1102 3538 comici.
1143 3475 1257 3535 Aristo·

258 3576 341 3650 teies,
365 3577 396 3636 τὸ
419 3576 451 3635 δὲ
470 3574 578 3655 μύθους
598 3584 698 3647 ποιεῖν,
718 3576 891 3655 Ἐπίχαρμος
904 3576 950 3631 καὶ
963 3577 1062 3654 φόρμις
1074 3571 1167 3652 ἦρξαν.
1208 3572 1258 3633 Its

259 3692 323 3734 eum
342 3692 458 3744 vocem,
480 3690 540 3731 non
560 3682 593 3732 ut
614 3672 741 3751 quidsm,
762 3672 811 3734 bic
827 3670 949 3752 sccipio.
990 3669 1095 3738 Μῦθος
1115 3670 1203 3741 enim,
1223 3680 1258 3729 ut

260 3773 368 3851 ubique
383 3770 448 3829 fere
467 3768 626 3843 Aristoteli,
647 3788 707 3829 non
727 3770 829 3829 drama
852 3779 906 3838 est,
928 3767 984 3827 sed
1005 3785 1042 3827 es
1062 3766 1258 3845 octiesque

261 3868 362 3927 drame
386 3864 583 3938 constituitur,
607 3868 625 3936 ἡ
649 3870 758 3945 πρᾶξις,
782 3869 800 3937 ἡ
821 3878 871 3937 τῆς
891 3868 1091 3944 πραγματείας
1112 3868 1257 3931 σύστασις·

262 3962 410 4045 quomodo
423 3972 455 4024 et
468 3961 586 4043 accipit,
601 3981 670 4023 cum
691 3960 777 4035 dixit,
795 3958 890 4037 pst-ise
904 3959 926 4019 δ’
938 3962 1015 4021 ἐστὶν
1028 3957 1079 4032 εἷς,
1093 3962 1157 4041 'eux
1169 3962 1258 4041 ὄςῐίρ

266 4084 341 4127 τινες
356 4060 474 4131 oiovrut,
489 4060 538 4120 ἐὰν
551 4062 612 4141 περὶ
625 4060 677 4119 ἕνα
690 4054 719 4141 ᾖ.
760 4056 801 4115 Ει
814 4054 887 4135 ipse,
901 4054 1083 4135 πολνμύθοιις
1096 4074 1148 4116 eoa
1160 4066 1258 4128 vocat,

264 4156 312 4237 qui
324 4156 372 4216 vel
385 4155 490 4228 vesias,
511 4156 558 4215 vel
573 4175 639 4237 que
652 4166 786 4234 tempore
799 4152 914 4223 eodem,
935 4153 973 4213 ab
988 4152 1056 4226 olio,
1072 4171 1213 4226 non-uno,
1228 4163 1260 4213 et

264 4252 369 4313 eodem
390 4263 484 4332 gestae
505 4260 582 4325 sunt,
605 4254 795 4331 conjungunt.
838 4250 970 4330 Ideoque
990 4248 1118 4309 fabulam
1138 4249 1259 4329 eligere,

264 4358 296 4409 et
308 4348 432 4409 electum
445 4359 529 4409 recte
542 4368 578 4409 se
594 4348 695 4409 ordine
709 4347 872 4428 disponere,
886 4356 920 4406 ιιι
931 4345 1025 4426 prims
1036 4345 1136 4418 virtus,
1149 4346 1192 4405 its
1201 4345 1260 4426 pri·

264 4462 344 4503 mum
361 4444 577 4527 maximumque
601 4464 676 4527 opus
695 4456 750 4506 est.
789 4444 827 4503 ln
849 4442 1060 4523 Amphitryone
1080 4462 1260 4504 manesmus.

266 4538 345 4600 Nem
357 4552 392 4601 ut
402 4552 609 4622 argumentum
621 4543 680 4604 hoc
698 4540 824 4621 accepit,
833 4540 876 4601 its
887 4539 952 4620 ipse
965 4558 1005 4599 ex
1019 4537 1107 4599 enimi
1116 4537 1262 4600 sententis

265 4634 418 4717 disposuit.
459 4632 557 4707 Quare
568 4640 672 4721 potuit,
686 4636 834 4711 ut'soluit,
846 4634 939 4717 ligere
947 4634 1078 4698 fabulam
1090 4655 1126 4697 sc
1139 4636 1261 4695 solvere.

267 4730 355 4795 lues
366 4734 455 4815 igitur
469 4734 565 4799 divim
579 4736 672 4807 δισιςι
692 4718 765 4799 mira
777 4734 855 4797 enim
870 4734 982 4797 rstiom
995 4729 1263 4815 impediturisbula
