3242 5559
651 778 715 841 DE
745 778 987 843 tuburno,
1244 780 1316 840 lm

324 972 523 1036 personarum,
535 967 566 1016 et
579 956 685 1019 Latina
698 959 834 1021 historias
855 961 996 1021 Atellanos
1007 958 1044 1019 ab
1056 957 1155 1019 Atella
1168 958 1314 1020 Oscorum

324 1052 452 1125 civitate,
469 1054 519 1114 ubi
532 1054 656 1115 inventa
682 1056 832 1119 dicunturr
853 1078 891 1119 ca
907 1056 1014 1117 salibus
1038 1076 1202 1136 conspersae
1220 1068 1313 1128 erant,

322 1152 437 1226 acjocis
448 1152 625 1231 compositas,
639 1151 669 1211 in
688 1172 720 1213 se
738 1172 797 1213 non
815 1154 957 1215 babentes
969 1153 1025 1213 uisi
1036 1164 1185 1213 venustam
1198 1154 1315 1233 elegan-
1337 1139 1342 1150 ’

322 1246 412 1306 tiam:
433 1247 534 1326 quales
552 1256 617 1308 sunt
629 1248 789 1309 Plautinas:
812 1250 987 1327 Rlyntoar'coe
999 1248 1160 1310 Comoedioe
1173 1248 1261 1309 dictae
1274 1250 1312 1310 ab

322 1343 448 1403 auctoris
456 1342 590 1403 nomine:
609 1346 787 1417 Tobrrrarioe,
801 1346 839 1405 ab
852 1344 1015 1404 humilitate
1028 1345 1190 1424 argumenti
1200 1356 1231 1405 et
1239 1344 1312 1417 stili;

322 1438 448 1499 Polliotoe
469 1441 506 1501 ab
523 1439 624 1501 habitu
642 1449 672 1499 et
689 1452 861 1520 argumento
876 1441 993 1500 Graeco.
1033 1442 1127 1513 Masi,
1143 1443 1180 1502 ab
1201 1442 1312 1503 invere-

321 1534 418 1595 cunda
429 1533 587 1596 imitatione
599 1536 696 1595 vilium
710 1554 817 1614 rernm,
838 1546 868 1595 et
885 1536 991 1595 levium
1007 1555 1206 1615 personarum.
1246 1538 1313 1597 Plc-

319 1632 424 1707 aipedio
436 1650 550 1711 quoque
565 1631 715 1693 Comoedia
727 1630 816 1703 dicta,
837 1631 876 1689 ob
887 1630 1079 1691 humilitatem
1088 1632 1260 1711 argumenti,
1273 1652 1310 1693 ac

318 1726 455 1787 vilitatem
473 1736 614 1798 octonum,
634 1727 684 1805 qui
697 1746 757 1785 non
770 1724 923 1796 cothurno,
942 1733 993 1785 aut
1005 1746 1096 1787 socco
1109 1727 1265 1787 utebantur
1280 1728 1310 1787 in

317 1840 415 1893 scena,
427 1833 477 1883 aut
486 1822 608 1902 pulpito,
620 1823 673 1882 sed
683 1821 768 1902 plano
778 1820 872 1901 pede:
896 1821 944 1881 vel
953 1821 1031 1894 ideo,
1046 1822 1127 1901 quod
1138 1843 1198 1883 non
1213 1842 1249 1883 ca
1262 1844 1311 1884 ne·

317 1918 398 1997 gotia
410 1918 566 1991 contineat,
584 1938 650 1997 quae
663 1936 852 1999 pemonarurn
869 1915 900 1975 in
912 1917 1050 1991 turribus,
1065 1929 1116 1978 aut
1133 1918 1163 1978 iu
1177 1938 1310 1981 coenacu·

316 2014 351 2075 lis
363 2015 556 2075 habitantium
569 2025 646 2085 sunt,
660 2014 713 2073 sed
726 2014 756 2072 in
769 2014 857 2093 plano
871 2025 903 2074 et
914 2014 1015 2073 humili
1026 2014 1100 2075 loco.

355 2112 494 2172 Omnium
512 2122 609 2171 autem
622 2108 837 2173 comediarum
849 2111 966 2190 scripta,
985 2131 1052 2191 ques
1065 2112 1197 2173 dramata
1207 2114 1308 2175 Graeci

313 2208 463 2279 vocabant,
479 2226 515 2267 ex
529 2216 655 2286 quatuor
665 2207 754 2265 rebus
768 2205 886 2265 omnino
899 2216 1065 2267 sumuntur:
1086 2208 1211 2278 nornine,
1230 2209 1307 2282 loco,

314 2304 404 2379 lucto,
414 2314 532 2365 eventu.
572 2302 708 2373 Nomine,
722 2312 755 2362 ut
768 2302 915 2375 Phormio,
926 2302 1059 2381 Hecyra,
1069 2302 1224 2382 Gurgabn,
1235 2303 1306 2383 Epi·

313 2400 405 2460 dicus.
446 2400 540 2472 Loco,
555 2410 588 2459 ut
601 2398 724 2470 Andria,
744 2398 906 2469 Leucadia,
926 2398 1121 2459 Brundusina.
1161 2399 1262 2470 Facto,
1274 2410 1307 2458 ut

314 2496 485 2569 Eunuchus,
498 2496 641 2569 Asinaria,
652 2495 767 2576 captivi.
785 2495 910 2567 Eventu,
920 2506 955 2554 ut
965 2494 1205 2566 Commorientes,
1217 2495 1306 2555 Adel-

312 2596 371 2676 phi,
386 2595 740 2655 Heautontimorumenos.
768 2591 917 2652 Dividitur
929 2611 1005 2652 nora
1019 2590 1171 2652 Comoedia
1184 2589 1216 2649 ln
1235 2610 1305 2670 qua·

310 2704 376 2753 tuor
388 2704 506 2771 partes:
526 2692 675 2769 prologum,
688 2690 821 2767 γνοέαείπ,
836 2689 961 2766 parua,
981 2689 1179 2765 cotortroplea.

344 2786 487 2867 'Prologus
508 2796 553 2846 est
573 2786 663 2845 veluti
684 2784 817 2864 prrefatio
838 2785 971 2864 quaedam
994 2784 1112 2857 fabula,
1131 2783 1162 2843 in
1183 2804 1243 2864 qua
1256 2782 1302 2847 rel

309 2896 397 2967 poeta
409 2894 577 2953 excusatur,
598 2882 644 2941 rel
658 2880 757 2941 fabula
771 2880 1002 2943 commendatur.

350 2982 478 3045 protasis
497 2989 541 3040 est
558 2978 668 3058 primus
681 2988 763 3037 actus
784 2976 899 3049 fabular,
922 2976 953 3035 in
973 2996 1031 3057 quo
1050 2994 1116 3056 pars
1136 2978 1300 3055 argumenti

308 3078 555 3159 explicatur,·pars
564 3074 713 3145 reticetur,
725 3072 763 3132 ad
771 3072 871 3153 populi
879 3072 1126 3152 exspectationem
1134 3072 1300 3134 tenendam.

346 3176 469 3252 Epitorr'r
480 3174 691 3232 incrementum
706 3178 760 3239 cst,
781 3187 990 3248 processusque
1003 3170 1162 3238 turbarum,
1177 3178 1208 3226 ct
1217 3167 1299 3228 inuo-

309 3270 378 3330 lutio
387 3267 561 3349 argumenti,
583 3271 665 3342 cujus
679 3266 825 3343 elegantia
838 3265 1029 3324 connectitur.
1128 3327 1130 3337 Ι
1333 3324 1336 3330 ,

348 3366 524 3441 catastrophe
537 3374 583 3423 est
599 3360 756 3440 explicatio
774 3360 891 3431 fabulas,
912 3378 967 3439 pcr
986 3377 1072 3436 quam
1093 3367 1212 3418 eventus
1233 3360 1297 3436 ejus

309 3461 475 3543 explicatur,
495 3471 582 3538 atque
595 3456 783 3537 approbatur.

392 3708 447 3763 DE
465 3705 666 3763 LUDORUM
683 3703 951 3771 ANTIQUORUM
969 3700 1203 3755 GENERIBUS.

343 3829 454 3889 Verum
466 3838 499 3887 ut
512 3826 605 3887 omnis
618 3822 826 3886 comoediarum
839 3819 913 3881 ratio
925 3818 1037 3879 facilius
1049 3819 1236 3898 intelligatur,
1251 3830 1295 3878 at-

304 3944 359 4005 que
372 3925 448 3985 adeo
472 3942 516 3995 ea,
539 3942 604 4003 quae
627 3938 741 3981 omnem
762 3917 967 3978 comoediarum
979 3914 1124 3975 actionem
1142 3928 1294 3995 spectant:

302 4021 513 4083 ostendendum
524 4030 570 4079 est
579 4017 712 4099 primurn,
722 4013 839 4095 quaudo
847 4012 960 4083 fierent,
970 4012 1113 4091 quoloco,
1127 4022 1226 4091 etqua
1235 4013 1294 4074 lor.

301 4136 358 4179 ma.
399 4118 471 4177 Hoc
484 4126 581 4175 autern
591 4125 653 4174 tum
664 4112 780 4173 demum
793 4112 887 4170 lector
899 4108 1053 4187 intelliget,
1074 4128 1141 4167 cum
1155 4128 1293 4194 pompac-

298 4217 349 4287 rit,
363 4213 431 4294 quid
441 4212 549 4272 luerint
562 4210 638 4290 apud
651 4207 785 4287 antiquos
794 4206 867 4278 ludi,
878 4205 1001 4278 tbcatra,
1016 4217 1108 4265 actus.
1134 4204 1246 4277 Scenae,
1261 4214 1294 4265 et

295 4308 466 4391 hujusmodi
480 4318 596 4369 caetera.
1194 4322 1197 4327 ·

215 4386 218 4397 ⁵
340 4408 436 4467 Vetus
454 4406 552 4485 itaquo
571 4401 721 4472 comoedia,
740 4400 812 4460 item
825 4397 915 4458 ctiam
936 4396 1078 4475 ungena
1097 4396 1222 4477 primurn
1244 4395 1291 4475 agi

293 4506 414 4565 solebat
428 4522 447 4563 a
459 4499 583 4573 Grecis,
597 4500 628 4558 in
640 4498 711 4559 vicis
721 4510 752 4558 et
761 4496 850 4577 pratis
862 4494 1007 4566 molbium,
1017 4493 1170 4573 adscriptis
1182 4503 1214 4552 et
1222 4512 1290 4571 pro·

288 4600 400 4679 positis
414 4596 547 4681 praemiis,
569 4595 673 4676 quibus
687 4594 725 4654 ad
738 4592 923 4654 scribendum
937 4601 1089 4673 poetarum
1102 4589 1291 4670 provocaren-

290 4704 348 4757 tur
366 4696 501 4778 ingenia:
522 4692 666 4755 actoribus
685 4710 803 4773 quoque
820 4708 943 4751 munera
961 4688 1167 4758 offerebantur,
1187 4702 1288 4764 caper·
