<?xml version="1.0" encoding="UTF-8"?>
<!DOCTYPE html PUBLIC "-//W3C//DTD XHTML 1.0 Transitional//EN"
    "http://www.w3.org/TR/xhtml1/DTD/xhtml1-transitional.dtd">
<html xmlns="http://www.w3.org/1999/xhtml" xml:lang="en" lang="en">
 <head>
  <title>
</title>
<meta http-equiv="Content-Type" content="text/html;charset=utf-8" />
  <meta name='ocr-system' content='tesseract 3.04.00' />
  <meta name='ocr-capabilities' content='ocr_page ocr_carea ocr_par ocr_line ocrx_word'/>
</head>
<body>
  <div class='ocr_page' id='page_1' title='image "./pterentiicartha00ruhngoog_0024.png"; bbox 0 0 3242 5559; ppageno 0'>
   <div class='ocr_carea' id='block_1_1' title="bbox 338 774 1057 843">
    <p class='ocr_par' dir='ltr' id='par_1_1' title="bbox 338 774 1057 843">
     <span class='ocr_line' id='line_1_1' title="bbox 338 774 1057 843; baseline -0.01 -2"><span class='ocrx_word' id='word_1_1' title='bbox 338 780 389 843; x_wconf 79' lang='lat' dir='ltr'><strong>uir</strong></span> <span class='ocrx_word' id='word_1_2' title='bbox 594 778 775 842; x_wconf 82' lang='lat' dir='ltr'><strong>ELOGIA</strong></span> <span class='ocrx_word' id='word_1_3' title='bbox 810 774 1057 839; x_wconf 77' lang='lat' dir='ltr'><strong>VETERUM.</strong></span> 
     </span>
    </p>
   </div>
   <div class='ocr_carea' id='block_1_2' title="bbox 510 958 1156 1046">
    <p class='ocr_par' dir='ltr' id='par_1_2' title="bbox 510 958 1156 1046">
     <span class='ocr_line' id='line_1_2' title="bbox 510 958 1156 1046; baseline -0.006 -19"><span class='ocrx_word' id='word_1_4' title='bbox 510 958 685 1039; x_wconf 80' lang='lat' dir='ltr'>Horatius,</span> <span class='ocrx_word' id='word_1_5' title='bbox 699 960 759 1027; x_wconf 89' lang='lat' dir='ltr'><strong>lib.</strong></span> <span class='ocrx_word' id='word_1_6' title='bbox 776 958 887 1046; x_wconf 87' lang='lat' dir='ltr'><strong>Epist.</strong></span> <span class='ocrx_word' id='word_1_7' title='bbox 901 960 945 1026; x_wconf 92' lang='lat' dir='ltr'><strong>ad</strong></span> <span class='ocrx_word' id='word_1_8' title='bbox 954 958 1156 1043; x_wconf 60' lang='lat' dir='ltr'><strong>domatum,</strong></span> 
     </span>
    </p>
   </div>
   <div class='ocr_carea' id='block_1_3' title="bbox 324 1092 1279 1573">
    <p class='ocr_par' dir='ltr' id='par_1_3' title="bbox 418 1092 1115 1179">
     <span class='ocr_line' id='line_1_3' title="bbox 418 1092 1115 1179; baseline -0.006 -22"><span class='ocrx_word' id='word_1_9' title='bbox 418 1092 535 1158; x_wconf 82' lang='lat' dir='ltr'>Dicitur</span> <span class='ocrx_word' id='word_1_10' title='bbox 549 1096 653 1159; x_wconf 81' lang='lat' dir='ltr'><strong>Afrani</strong></span> <span class='ocrx_word' id='word_1_11' title='bbox 666 1109 738 1179; x_wconf 79' lang='lat' dir='ltr'><strong>toga</strong></span> <span class='ocrx_word' id='word_1_12' title='bbox 749 1098 918 1159; x_wconf 66' lang='lat' dir='ltr'><strong>convenuse</strong></span> <span class='ocrx_word' id='word_1_13' title='bbox 932 1094 1115 1155; x_wconf 77' lang='lat' dir='ltr'>Menandro:</span> 
     </span>
    </p>

    <p class='ocr_par' dir='ltr' id='par_1_4' title="bbox 324 1186 1279 1573">
     <span class='ocr_line' id='line_1_4' title="bbox 324 1186 1205 1275; baseline -0.011 -21"><span class='ocrx_word' id='word_1_14' title='bbox 324 1205 329 1216; x_wconf 94' lang='grc'><strong><em>·</em></strong></span> <span class='ocrx_word' id='word_1_15' title='bbox 416 1194 538 1255; x_wconf 85' lang='lat' dir='ltr'><strong>Plautus</strong></span> <span class='ocrx_word' id='word_1_16' title='bbox 547 1196 586 1255; x_wconf 89' lang='lat' dir='ltr'><strong>ad</strong></span> <span class='ocrx_word' id='word_1_17' title='bbox 596 1194 744 1275; x_wconf 87' lang='lat' dir='ltr'><strong>exemplar</strong></span> <span class='ocrx_word' id='word_1_18' title='bbox 759 1192 848 1254; x_wconf 86' lang='lat' dir='ltr'><strong>Siculi</strong></span> <span class='ocrx_word' id='word_1_19' title='bbox 860 1210 1015 1275; x_wconf 75' lang='lat' dir='ltr'><strong>properato</strong></span> <span class='ocrx_word' id='word_1_20' title='bbox 1028 1186 1205 1270; x_wconf 72' lang='lat' dir='ltr'><strong>Epicharmi,</strong></span> 
     </span>
     <span class='ocr_line' id='line_1_5' title="bbox 415 1285 1279 1369; baseline -0.007 -19"><span class='ocrx_word' id='word_1_21' title='bbox 415 1290 544 1367; x_wconf 76' lang='lat' dir='ltr'><strong>Vmcare</strong></span> <span class='ocrx_word' id='word_1_22' title='bbox 558 1291 693 1359; x_wconf 81' lang='lat' dir='ltr'><strong>Caecilius</strong></span> <span class='ocrx_word' id='word_1_23' title='bbox 706 1290 858 1369; x_wconf 78' lang='lat' dir='ltr'><strong>gravitate,</strong></span> <span class='ocrx_word' id='word_1_24' title='bbox 879 1285 1033 1366; x_wconf 85' lang='lat' dir='ltr'><strong>Terentius</strong></span> <span class='ocrx_word' id='word_1_25' title='bbox 1046 1295 1128 1357; x_wconf 87' lang='lat' dir='ltr'><strong>arta;</strong></span> <span class='ocrx_word' id='word_1_26' title='bbox 1144 1352 1149 1359; x_wconf 80' lang='lat'><strong>.</strong></span> <span class='ocrx_word' id='word_1_27' title='bbox 1267 1330 1279 1353; x_wconf 81' lang='grc'><strong>.</strong></span> 
     </span>
     <span class='ocr_line' id='line_1_6' title="bbox 417 1384 1145 1466; baseline -0.008 -19"><span class='ocrx_word' id='word_1_28' title='bbox 417 1387 487 1448; x_wconf 85' lang='lat' dir='ltr'><strong>Hos</strong></span> <span class='ocrx_word' id='word_1_29' title='bbox 498 1388 615 1461; x_wconf 82' lang='lat' dir='ltr'><strong>ediscit,</strong></span> <span class='ocrx_word' id='word_1_30' title='bbox 634 1398 666 1449; x_wconf 91' lang='lat' dir='ltr'><strong>et</strong></span> <span class='ocrx_word' id='word_1_31' title='bbox 677 1386 732 1448; x_wconf 89' lang='lat' dir='ltr'><strong>hos</strong></span> <span class='ocrx_word' id='word_1_32' title='bbox 745 1398 809 1448; x_wconf 82' lang='lat' dir='ltr'><strong>arte</strong></span> <span class='ocrx_word' id='word_1_33' title='bbox 822 1386 929 1466; x_wconf 81' lang='lat' dir='ltr'><strong>stipata</strong></span> <span class='ocrx_word' id='word_1_34' title='bbox 940 1384 1060 1444; x_wconf 83' lang='lat' dir='ltr'><strong>theatro</strong></span> <span class='ocrx_word' id='word_1_35' title='bbox 1140 1420 1145 1427; x_wconf 94' lang='lat'>-</span> 
     </span>
     <span class='ocr_line' id='line_1_7' title="bbox 417 1483 806 1573; baseline -0.005 -28"><span class='ocrx_word' id='word_1_36' title='bbox 417 1483 538 1573; x_wconf 74' lang='lat' dir='ltr'><strong>Spectat</strong></span> <span class='ocrx_word' id='word_1_37' title='bbox 551 1486 648 1547; x_wconf 86' lang='lat' dir='ltr'><strong>Roma</strong></span> <span class='ocrx_word' id='word_1_38' title='bbox 658 1484 806 1565; x_wconf 82' lang='lat' dir='ltr'>frequens.</span> 
     </span>
    </p>
   </div>
   <div class='ocr_carea' id='block_1_4' title="bbox 414 1636 1248 1957">
    <p class='ocr_par' dir='ltr' id='par_1_5' title="bbox 414 1636 1248 1957">
     <span class='ocr_line' id='line_1_8' title="bbox 590 1636 1080 1733; baseline -0.012 -15"><span class='ocrx_word' id='word_1_39' title='bbox 590 1652 746 1733; x_wconf 85' lang='lat' dir='ltr'><strong>Ovidius,</strong></span> <span class='ocrx_word' id='word_1_40' title='bbox 758 1650 819 1717; x_wconf 87' lang='lat' dir='ltr'><strong>lib.</strong></span> <span class='ocrx_word' id='word_1_41' title='bbox 836 1649 886 1716; x_wconf 93' lang='lat' dir='ltr'><strong>II.</strong></span> <span class='ocrx_word' id='word_1_42' title='bbox 903 1636 1080 1715; x_wconf 63' lang='lat' dir='ltr'><strong>&#39;&#39;Idalium-</strong></span> 
     </span>
     <span class='ocr_line' id='line_1_9' title="bbox 414 1776 1248 1853; baseline -0.016 -5"><span class='ocrx_word' id='word_1_43' title='bbox 414 1786 483 1848; x_wconf 83' lang='lat' dir='ltr'><strong>Nec</strong></span> <span class='ocrx_word' id='word_1_44' title='bbox 494 1786 569 1848; x_wconf 89' lang='lat' dir='ltr'><strong>liber</strong></span> <span class='ocrx_word' id='word_1_45' title='bbox 577 1786 716 1847; x_wconf 87' lang='lat' dir='ltr'><strong>indicium</strong></span> <span class='ocrx_word' id='word_1_46' title='bbox 729 1797 775 1847; x_wconf 86' lang='lat' dir='ltr'><strong>est</strong></span> <span class='ocrx_word' id='word_1_47' title='bbox 787 1783 894 1853; x_wconf 70' lang='lat' dir='ltr'><strong>animia</strong></span> <span class='ocrx_word' id='word_1_48' title='bbox 913 1782 967 1843; x_wconf 86' lang='lat' dir='ltr'><strong>scd</strong></span> <span class='ocrx_word' id='word_1_49' title='bbox 979 1782 1103 1840; x_wconf 85' lang='lat' dir='ltr'><strong>honesta</strong></span> <span class='ocrx_word' id='word_1_50' title='bbox 1113 1776 1248 1839; x_wconf 80' lang='lat' dir='ltr'><strong>voluntas</strong></span> 
     </span>
     <span class='ocr_line' id='line_1_10' title="bbox 495 1876 1118 1957; baseline -0.014 -14"><span class='ocrx_word' id='word_1_51' title='bbox 495 1881 623 1943; x_wconf 89' lang='lat' dir='ltr'><strong>Plurima</strong></span> <span class='ocrx_word' id='word_1_52' title='bbox 632 1880 793 1957; x_wconf 79' lang='lat' dir='ltr'><strong>mulcendis</strong></span> <span class='ocrx_word' id='word_1_53' title='bbox 806 1880 924 1953; x_wconf 71' lang='lat' dir='ltr'><strong>auritum</strong></span> <span class='ocrx_word' id='word_1_54' title='bbox 938 1886 1007 1957; x_wconf 84' lang='lat' dir='ltr'><strong>apta</strong></span> <span class='ocrx_word' id='word_1_55' title='bbox 1018 1876 1118 1935; x_wconf 79' lang='lat' dir='ltr'>refert.</span> 
     </span>
    </p>
   </div>
   <div class='ocr_carea' id='block_1_5' title="bbox 415 1962 1152 2152">
    <p class='ocr_par' dir='ltr' id='par_1_6' title="bbox 415 1962 1152 2152">
     <span class='ocr_line' id='line_1_11' title="bbox 415 1962 1152 2042; baseline -0.008 -5"><span class='ocrx_word' id='word_1_56' title='bbox 415 1976 526 2039; x_wconf 79' lang='lat' dir='ltr'><strong>Accius</strong></span> <span class='ocrx_word' id='word_1_57' title='bbox 540 1986 618 2037; x_wconf 89' lang='lat' dir='ltr'><strong>esset</strong></span> <span class='ocrx_word' id='word_1_58' title='bbox 630 1985 731 2037; x_wconf 74' lang='lat' dir='ltr'><strong>amon:</strong></span> <span class='ocrx_word' id='word_1_59' title='bbox 751 1962 874 2035; x_wconf 72' lang='lat' dir='ltr'><strong>conviva</strong></span> <span class='ocrx_word' id='word_1_60' title='bbox 887 1971 1043 2033; x_wconf 89' lang='lat' dir='ltr'><strong>Terentius</strong></span> <span class='ocrx_word' id='word_1_61' title='bbox 1055 1981 1152 2042; x_wconf 78' lang='lat' dir='ltr'><strong>esset3</strong></span> 
     </span>
     <span class='ocr_line' id='line_1_12' title="bbox 495 2069 1128 2152; baseline -0.011 -20"><span class='ocrx_word' id='word_1_62' title='bbox 495 2070 603 2132; x_wconf 85' lang='lat' dir='ltr'><strong>Essent</strong></span> <span class='ocrx_word' id='word_1_63' title='bbox 615 2088 766 2152; x_wconf 77' lang='lat' dir='ltr'><strong>pugnaces</strong></span> <span class='ocrx_word' id='word_1_64' title='bbox 779 2071 829 2151; x_wconf 92' lang='lat' dir='ltr'><strong>qui</strong></span> <span class='ocrx_word' id='word_1_65' title='bbox 841 2070 906 2131; x_wconf 83' lang='lat' dir='ltr'><strong>fera</strong></span> <span class='ocrx_word' id='word_1_66' title='bbox 917 2069 996 2130; x_wconf 90' lang='lat' dir='ltr'><strong>bella</strong></span> <span class='ocrx_word' id='word_1_67' title='bbox 1009 2074 1128 2129; x_wconf 86' lang='lat' dir='ltr'><strong>canunt.</strong></span> 
     </span>
    </p>
   </div>
   <div class='ocr_carea' id='block_1_6' title="bbox 336 2198 1326 2310">
    <p class='ocr_par' dir='ltr' id='par_1_7' title="bbox 336 2198 1326 2310">
     <span class='ocr_line' id='line_1_13' title="bbox 336 2198 1326 2310; baseline -0.008 -20"><span class='ocrx_word' id='word_1_68' title='bbox 336 2223 517 2294; x_wconf 68' lang='lat' dir='ltr'><strong>toronus</strong></span> <span class='ocrx_word' id='word_1_69' title='bbox 530 2216 713 2310; x_wconf 65' lang='lat' dir='ltr'><strong>sarigim,</strong></span> <span class='ocrx_word' id='word_1_70' title='bbox 735 2198 830 2309; x_wconf 68' lang='lat' dir='ltr'><strong>lpus</strong></span> <span class='ocrx_word' id='word_1_71' title='bbox 842 2224 887 2290; x_wconf 82' lang='lat' dir='ltr'><strong>n.</strong></span> <span class='ocrx_word' id='word_1_72' title='bbox 902 2223 993 2289; x_wconf 62' lang='lat' dir='ltr'><strong>oen.</strong></span> <span class='ocrx_word' id='word_1_73' title='bbox 1006 2220 1166 2290; x_wconf 74' lang='lat' dir='ltr'><strong>nuxv.</strong></span> <span class='ocrx_word' id='word_1_74' title='bbox 1180 2237 1257 2305; x_wconf 72' lang='lat' dir='ltr'><strong>cap.</strong></span> <span class='ocrx_word' id='word_1_75' title='bbox 1270 2216 1326 2284; x_wconf 77' lang='lat' dir='ltr'><strong>at.</strong></span> 
     </span>
    </p>
   </div>
   <div class='ocr_carea' id='block_1_7' title="bbox 336 2356 1256 3593">
    <p class='ocr_par' dir='ltr' id='par_1_8' title="bbox 337 2356 1256 2920">
     <span class='ocr_line' id='line_1_14' title="bbox 337 2356 1147 2430; baseline -0.007 -7"><span class='ocrx_word' id='word_1_76' title='bbox 337 2414 340 2423; x_wconf 90' lang='lat'><strong>.</strong></span> <span class='ocrx_word' id='word_1_77' title='bbox 453 2361 569 2423; x_wconf 82' lang='lat' dir='ltr'><strong>Multos</strong></span> <span class='ocrx_word' id='word_1_78' title='bbox 586 2361 711 2422; x_wconf 83' lang='lat' dir='ltr'><strong>incertos</strong></span> <span class='ocrx_word' id='word_1_79' title='bbox 726 2370 840 2421; x_wconf 86' lang='lat' dir='ltr'><strong>certare</strong></span> <span class='ocrx_word' id='word_1_80' title='bbox 853 2357 929 2418; x_wconf 87' lang='lat' dir='ltr'><strong>hanc</strong></span> <span class='ocrx_word' id='word_1_81' title='bbox 941 2376 1005 2419; x_wconf 88' lang='lat' dir='ltr'><strong>rem</strong></span> <span class='ocrx_word' id='word_1_82' title='bbox 1016 2356 1147 2430; x_wconf 82' lang='lat' dir='ltr'><strong>vidimus,</strong></span> 
     </span>
     <span class='ocr_line' id='line_1_15' title="bbox 455 2454 1041 2537; baseline -0.009 -18"><span class='ocrx_word' id='word_1_83' title='bbox 455 2456 587 2519; x_wconf 85' lang='lat' dir='ltr'><strong>Palmam</strong></span> <span class='ocrx_word' id='word_1_84' title='bbox 601 2468 695 2537; x_wconf 84' lang='lat' dir='ltr'><strong>poetae</strong></span> <span class='ocrx_word' id='word_1_85' title='bbox 709 2457 821 2519; x_wconf 86' lang='lat' dir='ltr'><strong>comico</strong></span> <span class='ocrx_word' id='word_1_86' title='bbox 835 2454 882 2515; x_wconf 90' lang='lat' dir='ltr'><strong>cui</strong></span> <span class='ocrx_word' id='word_1_87' title='bbox 896 2454 1041 2516; x_wconf 86' lang='lat' dir='ltr'><strong>deferant.</strong></span> 
     </span>
     <span class='ocr_line' id='line_1_16' title="bbox 454 2549 1127 2631; baseline -0.006 -18"><span class='ocrx_word' id='word_1_88' title='bbox 454 2554 540 2627; x_wconf 85' lang='lat' dir='ltr'><strong>Eum,</strong></span> <span class='ocrx_word' id='word_1_89' title='bbox 555 2574 603 2613; x_wconf 87' lang='lat' dir='ltr'><strong>ma</strong></span> <span class='ocrx_word' id='word_1_90' title='bbox 612 2554 726 2631; x_wconf 91' lang='lat' dir='ltr'><strong>judice,</strong></span> <span class='ocrx_word' id='word_1_91' title='bbox 747 2570 875 2613; x_wconf 86' lang='lat' dir='ltr'><strong>errorem</strong></span> <span class='ocrx_word' id='word_1_92' title='bbox 889 2549 1042 2610; x_wconf 72' lang='lat' dir='ltr'><strong>dissolvam</strong></span> <span class='ocrx_word' id='word_1_93' title='bbox 1055 2550 1127 2609; x_wconf 74' lang='lat' dir='ltr'><strong>tibia</strong></span> 
     </span>
     <span class='ocr_line' id='line_1_17' title="bbox 457 2646 1080 2728; baseline -0.006 -18"><span class='ocrx_word' id='word_1_94' title='bbox 457 2649 617 2710; x_wconf 80' lang='lat' dir='ltr'><strong>Utcnntra</strong></span> <span class='ocrx_word' id='word_1_95' title='bbox 629 2650 654 2708; x_wconf 92' lang='lat' dir='ltr'><strong>si</strong></span> <span class='ocrx_word' id='word_1_96' title='bbox 667 2648 730 2728; x_wconf 90' lang='lat' dir='ltr'><strong>quis</strong></span> <span class='ocrx_word' id='word_1_97' title='bbox 743 2650 859 2719; x_wconf 88' lang='lat' dir='ltr'><strong>sentiat,</strong></span> <span class='ocrx_word' id='word_1_98' title='bbox 880 2647 952 2705; x_wconf 84' lang='lat' dir='ltr'><strong>nihil</strong></span> <span class='ocrx_word' id='word_1_99' title='bbox 965 2646 1080 2707; x_wconf 77' lang='lat' dir='ltr'><strong>sentiat.</strong></span> 
     </span>
     <span class='ocr_line' id='line_1_18' title="bbox 459 2743 1010 2823; baseline -0.009 -16"><span class='ocrx_word' id='word_1_100' title='bbox 459 2744 580 2807; x_wconf 72' lang='lat' dir='ltr'><strong>cecilio</strong></span> <span class='ocrx_word' id='word_1_101' title='bbox 592 2744 716 2823; x_wconf 83' lang='lat' dir='ltr'><strong>palmam</strong></span> <span class='ocrx_word' id='word_1_102' title='bbox 731 2744 825 2804; x_wconf 85' lang='lat' dir='ltr'><strong>Statio</strong></span> <span class='ocrx_word' id='word_1_103' title='bbox 839 2743 1010 2804; x_wconf 85' lang='lat' dir='ltr'><strong>documico.</strong></span> 
     </span>
     <span class='ocr_line' id='line_1_19' title="bbox 459 2830 1256 2920; baseline -0.005 -20"><span class='ocrx_word' id='word_1_104' title='bbox 459 2839 580 2900; x_wconf 89' lang='lat' dir='ltr'><strong>Plautus</strong></span> <span class='ocrx_word' id='word_1_105' title='bbox 593 2839 737 2900; x_wconf 88' lang='lat' dir='ltr'><strong>secundus</strong></span> <span class='ocrx_word' id='word_1_106' title='bbox 746 2840 834 2900; x_wconf 82' lang='lat' dir='ltr'><strong>facile</strong></span> <span class='ocrx_word' id='word_1_107' title='bbox 848 2832 1006 2920; x_wconf 82' lang='lat' dir='ltr'><strong>exsuperat</strong></span> <span class='ocrx_word' id='word_1_108' title='bbox 1018 2848 1153 2897; x_wconf 83' lang='lat' dir='ltr'><strong>caeteros.</strong></span> <span class='ocrx_word' id='word_1_109' title='bbox 1253 2830 1256 2835; x_wconf 68' lang='grc'><strong>’</strong></span> 
     </span>
    </p>

    <p class='ocr_par' dir='ltr' id='par_1_9' title="bbox 336 2934 1140 3307">
     <span class='ocr_line' id='line_1_20' title="bbox 336 2934 1140 3019; baseline -0.007 -21"><span class='ocrx_word' id='word_1_110' title='bbox 336 3012 340 3019; x_wconf 30' lang='grc' dir='ltr'>Ι</span> <span class='ocrx_word' id='word_1_111' title='bbox 458 2936 538 2997; x_wconf 88' lang='lat' dir='ltr'><strong>Dein</strong></span> <span class='ocrx_word' id='word_1_112' title='bbox 552 2934 671 2997; x_wconf 75' lang='lat' dir='ltr'><strong>Naevius</strong></span> <span class='ocrx_word' id='word_1_113' title='bbox 684 2935 734 3016; x_wconf 89' lang='lat' dir='ltr'><strong>qui</strong></span> <span class='ocrx_word' id='word_1_114' title='bbox 747 2951 853 3011; x_wconf 84' lang='lat' dir='ltr'><strong>servet,</strong></span> <span class='ocrx_word' id='word_1_115' title='bbox 873 2937 996 3018; x_wconf 84' lang='lat' dir='ltr'><strong>pretium</strong></span> <span class='ocrx_word' id='word_1_116' title='bbox 1008 2934 1140 2996; x_wconf 84' lang='lat' dir='ltr'><strong>tertiu&#39;st.</strong></span> 
     </span>
     <span class='ocr_line' id='line_1_21' title="bbox 460 3030 1069 3119; baseline -0.003 -25"><span class='ocrx_word' id='word_1_117' title='bbox 460 3032 492 3094; x_wconf 85' lang='lat' dir='ltr'><strong>si</strong></span> <span class='ocrx_word' id='word_1_118' title='bbox 503 3033 568 3119; x_wconf 76' lang='lat' dir='ltr'><strong>erit,</strong></span> <span class='ocrx_word' id='word_1_119' title='bbox 589 3032 794 3114; x_wconf 70' lang='lat' dir='ltr'><strong>quodquam,</strong></span> <span class='ocrx_word' id='word_1_120' title='bbox 815 3032 930 3093; x_wconf 85' lang='lat' dir='ltr'><strong>dabitur</strong></span> <span class='ocrx_word' id='word_1_121' title='bbox 944 3030 1069 3093; x_wconf 91' lang='lat' dir='ltr'><strong>Licinio.</strong></span> 
     </span>
     <span class='ocr_line' id='line_1_22' title="bbox 457 3127 1042 3209; baseline 0 -19"><span class='ocrx_word' id='word_1_122' title='bbox 457 3127 530 3190; x_wconf 84' lang='lat' dir='ltr'><strong>Post</strong></span> <span class='ocrx_word' id='word_1_123' title='bbox 538 3128 650 3209; x_wconf 86' lang='lat' dir='ltr'><strong>insequi</strong></span> <span class='ocrx_word' id='word_1_124' title='bbox 663 3128 808 3189; x_wconf 88' lang='lat' dir='ltr'><strong>Licinium</strong></span> <span class='ocrx_word' id='word_1_125' title='bbox 820 3129 899 3190; x_wconf 78' lang='lat' dir='ltr'><strong>facio</strong></span> <span class='ocrx_word' id='word_1_126' title='bbox 913 3128 1042 3190; x_wconf 81' lang='lat' dir='ltr'><strong>Atilium.</strong></span> 
     </span>
     <span class='ocr_line' id='line_1_23' title="bbox 457 3224 1059 3307; baseline -0.003 -22"><span class='ocrx_word' id='word_1_127' title='bbox 457 3226 494 3285; x_wconf 91' lang='lat' dir='ltr'><strong>In</strong></span> <span class='ocrx_word' id='word_1_128' title='bbox 504 3236 591 3287; x_wconf 85' lang='lat' dir='ltr'><strong>sexto</strong></span> <span class='ocrx_word' id='word_1_129' title='bbox 603 3224 735 3307; x_wconf 87' lang='lat' dir='ltr'><strong>sequitur</strong></span> <span class='ocrx_word' id='word_1_130' title='bbox 747 3226 801 3286; x_wconf 89' lang='lat' dir='ltr'><strong>hos</strong></span> <span class='ocrx_word' id='word_1_131' title='bbox 813 3225 882 3286; x_wconf 93' lang='lat' dir='ltr'><strong>loco</strong></span> <span class='ocrx_word' id='word_1_132' title='bbox 896 3224 1059 3284; x_wconf 76' lang='lat' dir='ltr'><strong>Terentius.</strong></span> 
     </span>
    </p>

    <p class='ocr_par' dir='ltr' id='par_1_10' title="bbox 349 3312 1199 3404">
     <span class='ocr_line' id='line_1_24' title="bbox 349 3312 1199 3404; baseline -0.001 -23"><span class='ocrx_word' id='word_1_133' title='bbox 349 3330 352 3339; x_wconf 86' lang='lat'>&#39;</span> <span class='ocrx_word' id='word_1_134' title='bbox 458 3320 605 3403; x_wconf 76' lang='lat' dir='ltr'><strong>Turpilius</strong></span> <span class='ocrx_word' id='word_1_135' title='bbox 618 3322 782 3404; x_wconf 89' lang='lat' dir='ltr'><strong>septimum,</strong></span> <span class='ocrx_word' id='word_1_136' title='bbox 803 3312 1065 3382; x_wconf 54' lang='lat' dir='ltr'><strong>Trabea&#39;octavum</strong></span> <span class='ocrx_word' id='word_1_137' title='bbox 1077 3318 1199 3381; x_wconf 87' lang='lat' dir='ltr'><strong>obtinet.</strong></span> 
     </span>
    </p>

    <p class='ocr_par' dir='ltr' id='par_1_11' title="bbox 456 3418 1075 3482">
     <span class='ocr_line' id='line_1_25' title="bbox 456 3418 1075 3482; baseline -0.003 -3"><span class='ocrx_word' id='word_1_138' title='bbox 456 3418 1049 3482; x_wconf 72' lang='lat' dir='ltr'><strong>Nonolocoessefacile&#39;facio&#39;Luscium.</strong></span> <span class='ocrx_word' id='word_1_139' title='bbox 1072 3459 1075 3467; x_wconf 83' lang='lat'>-</span> 
     </span>
    </p>

    <p class='ocr_par' dir='ltr' id='par_1_12' title="bbox 337 3512 1247 3593">
     <span class='ocr_line' id='line_1_26' title="bbox 337 3512 1247 3593; baseline -0.013 -12"><span class='ocrx_word' id='word_1_140' title='bbox 337 3580 343 3593; x_wconf 79' lang='grc'>,</span> <span class='ocrx_word' id='word_1_141' title='bbox 459 3512 616 3579; x_wconf 84' lang='lat' dir='ltr'><strong>Decimum</strong></span> <span class='ocrx_word' id='word_1_142' title='bbox 630 3515 706 3577; x_wconf 88' lang='lat' dir='ltr'><strong>addo</strong></span> <span class='ocrx_word' id='word_1_143' title='bbox 720 3535 808 3577; x_wconf 86' lang='lat' dir='ltr'><strong>causa</strong></span> <span class='ocrx_word' id='word_1_144' title='bbox 820 3513 1000 3593; x_wconf 80' lang='lat' dir='ltr'><strong>antiquitatis</strong></span> <span class='ocrx_word' id='word_1_145' title='bbox 1012 3512 1149 3572; x_wconf 88' lang='lat' dir='ltr'><strong>Ennium.</strong></span> <span class='ocrx_word' id='word_1_146' title='bbox 1243 3557 1247 3561; x_wconf 16' lang='lat' dir='ltr'><strong>n</strong></span> 
     </span>
    </p>
   </div>
   <div class='ocr_carea' id='block_1_8' title="bbox 580 3667 1089 3755">
    <p class='ocr_par' dir='ltr' id='par_1_13' title="bbox 580 3667 1089 3755">
     <span class='ocr_line' id='line_1_27' title="bbox 580 3667 1089 3755; baseline -0.012 -16"><span class='ocrx_word' id='word_1_147' title='bbox 580 3670 736 3755; x_wconf 88' lang='lat' dir='ltr'><strong>Vellejus</strong></span> <span class='ocrx_word' id='word_1_148' title='bbox 750 3670 962 3750; x_wconf 85' lang='lat' dir='ltr'><strong>Paterculus,</strong></span> <span class='ocrx_word' id='word_1_149' title='bbox 981 3669 1042 3734; x_wconf 89' lang='lat' dir='ltr'><strong>lib.</strong></span> <span class='ocrx_word' id='word_1_150' title='bbox 1058 3667 1089 3734; x_wconf 90' lang='lat'><strong>1.</strong></span> 
     </span>
    </p>
   </div>
   <div class='ocr_carea' id='block_1_9' title="bbox 338 3774 1328 3988">
    <p class='ocr_par' dir='ltr' id='par_1_14' title="bbox 338 3774 1328 3988">
     <span class='ocr_line' id='line_1_28' title="bbox 376 3774 1328 3889; baseline -0.013 -19"><span class='ocrx_word' id='word_1_151' title='bbox 376 3800 548 3889; x_wconf 84' lang='lat' dir='ltr'><strong>Dulcesque</strong></span> <span class='ocrx_word' id='word_1_152' title='bbox 558 3805 656 3867; x_wconf 90' lang='lat' dir='ltr'><strong>Latini</strong></span> <span class='ocrx_word' id='word_1_153' title='bbox 666 3804 770 3887; x_wconf 85' lang='lat' dir='ltr'><strong>leporis</strong></span> <span class='ocrx_word' id='word_1_154' title='bbox 779 3804 895 3865; x_wconf 84' lang='lat' dir='ltr'><strong>facetiae</strong></span> <span class='ocrx_word' id='word_1_155' title='bbox 906 3822 961 3885; x_wconf 88' lang='lat' dir='ltr'><strong>per</strong></span> <span class='ocrx_word' id='word_1_156' title='bbox 974 3800 1135 3876; x_wconf 66' lang='lat' dir='ltr'><strong>(lucilium,</strong></span> <span class='ocrx_word' id='word_1_157' title='bbox 1146 3774 1328 3861; x_wconf 82' lang='lat' dir='ltr'><strong>Terentium-</strong></span> 
     </span>
     <span class='ocr_line' id='line_1_29' title="bbox 338 3900 1019 3988; baseline -0.01 -20"><span class='ocrx_word' id='word_1_158' title='bbox 338 3924 407 3988; x_wconf 83' lang='lat' dir='ltr'><strong>qus,</strong></span> <span class='ocrx_word' id='word_1_159' title='bbox 427 3915 458 3967; x_wconf 78' lang='lat' dir='ltr'><strong>et</strong></span> <span class='ocrx_word' id='word_1_160' title='bbox 470 3902 620 3965; x_wconf 82' lang='lat' dir='ltr'><strong>Afranium</strong></span> <span class='ocrx_word' id='word_1_161' title='bbox 633 3902 749 3983; x_wconf 83' lang='lat' dir='ltr'><strong>suppari</strong></span> <span class='ocrx_word' id='word_1_162' title='bbox 762 3909 850 3963; x_wconf 78' lang='lat' dir='ltr'><strong>atate</strong></span> <span class='ocrx_word' id='word_1_163' title='bbox 862 3900 1019 3961; x_wconf 84' lang='lat' dir='ltr'><strong>nituerunt.</strong></span> 
     </span>
    </p>
   </div>
   <div class='ocr_carea' id='block_1_10' title="bbox 540 4054 1143 4140">
    <p class='ocr_par' dir='ltr' id='par_1_15' title="bbox 540 4054 1143 4140">
     <span class='ocr_line' id='line_1_30' title="bbox 540 4054 1143 4140; baseline -0.002 -17"><span class='ocrx_word' id='word_1_164' title='bbox 540 4057 626 4123; x_wconf 81' lang='lat' dir='ltr'><strong>Feb.</strong></span> <span class='ocrx_word' id='word_1_165' title='bbox 642 4055 863 4137; x_wconf 85' lang='lat' dir='ltr'><strong>Quinctilian.</strong></span> <span class='ocrx_word' id='word_1_166' title='bbox 877 4056 936 4122; x_wconf 92' lang='lat' dir='ltr'><strong>lib.</strong></span> <span class='ocrx_word' id='word_1_167' title='bbox 951 4054 1003 4121; x_wconf 88' lang='lat' dir='ltr'><strong>X.</strong></span> <span class='ocrx_word' id='word_1_168' title='bbox 1017 4074 1095 4140; x_wconf 82' lang='lat' dir='ltr'><strong>cap.</strong></span> <span class='ocrx_word' id='word_1_169' title='bbox 1108 4056 1143 4122; x_wconf 93' lang='lat' dir='ltr'><strong>l.</strong></span> 
     </span>
    </p>
   </div>
   <div class='ocr_carea' id='block_1_11' title="bbox 337 4187 1327 4752">
    <p class='ocr_par' dir='ltr' id='par_1_16' title="bbox 337 4187 1327 4752">
     <span class='ocr_line' id='line_1_31' title="bbox 378 4187 1326 4262; baseline -0.007 -9"><span class='ocrx_word' id='word_1_170' title='bbox 378 4190 415 4253; x_wconf 88' lang='lat' dir='ltr'><strong>ln</strong></span> <span class='ocrx_word' id='word_1_171' title='bbox 428 4191 569 4253; x_wconf 69' lang='lat' dir='ltr'><strong>comoedia</strong></span> <span class='ocrx_word' id='word_1_172' title='bbox 584 4191 706 4252; x_wconf 80' lang='lat' dir='ltr'><strong>maxime</strong></span> <span class='ocrx_word' id='word_1_173' title='bbox 725 4192 939 4262; x_wconf 75' lang='lat' dir='ltr'><strong>claudicamns3</strong></span> <span class='ocrx_word' id='word_1_174' title='bbox 958 4189 1029 4251; x_wconf 87' lang='lat' dir='ltr'><strong>licet</strong></span> <span class='ocrx_word' id='word_1_175' title='bbox 1046 4190 1139 4252; x_wconf 83' lang='lat' dir='ltr'><strong>Varro</strong></span> <span class='ocrx_word' id='word_1_176' title='bbox 1155 4187 1244 4261; x_wconf 86' lang='lat' dir='ltr'><strong>dicat,</strong></span> <span class='ocrx_word' id='word_1_177' title='bbox 1263 4206 1326 4247; x_wconf 87' lang='lat' dir='ltr'><strong>mu·</strong></span> 
     </span>
     <span class='ocr_line' id='line_1_32' title="bbox 338 4283 1326 4359; baseline -0.006 -10"><span class='ocrx_word' id='word_1_178' title='bbox 338 4306 385 4349; x_wconf 78' lang='lat' dir='ltr'><strong>sss</strong></span> <span class='ocrx_word' id='word_1_179' title='bbox 407 4287 478 4349; x_wconf 88' lang='lat' dir='ltr'><strong>AElii</strong></span> <span class='ocrx_word' id='word_1_180' title='bbox 497 4288 622 4349; x_wconf 82' lang='lat' dir='ltr'><strong>Stolonis</strong></span> <span class='ocrx_word' id='word_1_181' title='bbox 644 4288 781 4349; x_wconf 84' lang='lat' dir='ltr'><strong>Plautino</strong></span> <span class='ocrx_word' id='word_1_182' title='bbox 799 4308 933 4349; x_wconf 88' lang='lat' dir='ltr'><strong>sermone</strong></span> <span class='ocrx_word' id='word_1_183' title='bbox 946 4288 1094 4348; x_wconf 88' lang='lat' dir='ltr'><strong>locuturas</strong></span> <span class='ocrx_word' id='word_1_184' title='bbox 1107 4287 1206 4359; x_wconf 83' lang='lat' dir='ltr'><strong>luisse,</strong></span> <span class='ocrx_word' id='word_1_185' title='bbox 1227 4283 1326 4346; x_wconf 89' lang='lat' dir='ltr'><strong>siLa-</strong></span> 
     </span>
     <span class='ocr_line' id='line_1_33' title="bbox 337 4363 1327 4463; baseline -0.002 -20"><span class='ocrx_word' id='word_1_186' title='bbox 337 4384 398 4444; x_wconf 87' lang='lat' dir='ltr'><strong>tine</strong></span> <span class='ocrx_word' id='word_1_187' title='bbox 418 4381 633 4463; x_wconf 76' lang='lat' dir='ltr'><strong>loquivellentr</strong></span> <span class='ocrx_word' id='word_1_188' title='bbox 649 4384 723 4463; x_wconf 39' lang='lat' dir='ltr'><strong>,ticet</strong></span> <span class='ocrx_word' id='word_1_189' title='bbox 736 4382 887 4445; x_wconf 73' lang='lat' dir='ltr'><strong>Caecilium</strong></span> <span class='ocrx_word' id='word_1_190' title='bbox 900 4382 1034 4445; x_wconf 87' lang='lat' dir='ltr'><strong>laudibus</strong></span> <span class='ocrx_word' id='word_1_191' title='bbox 1048 4384 1159 4445; x_wconf 83' lang='lat' dir='ltr'><strong>ferant:</strong></span> <span class='ocrx_word' id='word_1_192' title='bbox 1178 4384 1248 4444; x_wconf 85' lang='lat' dir='ltr'><strong>licet</strong></span> <span class='ocrx_word' id='word_1_193' title='bbox 1267 4363 1327 4441; x_wconf 59' lang='lat' dir='ltr'><strong>Tess</strong></span> 
     </span>
     <span class='ocr_line' id='line_1_34' title="bbox 337 4478 1326 4562; baseline -0.003 -21"><span class='ocrx_word' id='word_1_194' title='bbox 337 4478 423 4541; x_wconf 90' lang='lat' dir='ltr'><strong>rentii</strong></span> <span class='ocrx_word' id='word_1_195' title='bbox 435 4480 542 4560; x_wconf 81' lang='lat' dir='ltr'><strong>scripta</strong></span> <span class='ocrx_word' id='word_1_196' title='bbox 555 4480 593 4541; x_wconf 90' lang='lat' dir='ltr'><strong>ad</strong></span> <span class='ocrx_word' id='word_1_197' title='bbox 603 4480 763 4560; x_wconf 85' lang='lat' dir='ltr'><strong>Scipionem</strong></span> <span class='ocrx_word' id='word_1_198' title='bbox 773 4479 944 4541; x_wconf 79' lang='lat' dir='ltr'><strong>&#39;Africanum</strong></span> <span class='ocrx_word' id='word_1_199' title='bbox 953 4480 1130 4543; x_wconf 83' lang='lat' dir='ltr'><strong>referantur:</strong></span> <span class='ocrx_word' id='word_1_200' title='bbox 1152 4501 1218 4562; x_wconf 73' lang='lat' dir='ltr'><strong>quas</strong></span> <span class='ocrx_word' id='word_1_201' title='bbox 1227 4492 1326 4541; x_wconf 88' lang='lat' dir='ltr'><strong>tamen</strong></span> 
     </span>
     <span class='ocr_line' id='line_1_35' title="bbox 337 4574 1327 4658; baseline -0.002 -20"><span class='ocrx_word' id='word_1_202' title='bbox 337 4576 455 4638; x_wconf 89' lang='lat' dir='ltr'><strong>suntin</strong></span> <span class='ocrx_word' id='word_1_203' title='bbox 476 4574 534 4637; x_wconf 88' lang='lat' dir='ltr'><strong>hoc</strong></span> <span class='ocrx_word' id='word_1_204' title='bbox 555 4592 665 4655; x_wconf 81' lang='lat' dir='ltr'><strong>genere</strong></span> <span class='ocrx_word' id='word_1_205' title='bbox 686 4576 915 4655; x_wconf 47' lang='lat' dir='ltr'><strong>elegantissima</strong></span> <span class='ocrx_word' id='word_1_206' title='bbox 935 4588 966 4637; x_wconf 83' lang='lat' dir='ltr'><strong>et</strong></span> <span class='ocrx_word' id='word_1_207' title='bbox 984 4577 1051 4658; x_wconf 91' lang='lat' dir='ltr'><strong>plus</strong></span> <span class='ocrx_word' id='word_1_208' title='bbox 1071 4577 1169 4640; x_wconf 87' lang='lat' dir='ltr'><strong>adhuc</strong></span> <span class='ocrx_word' id='word_1_209' title='bbox 1191 4578 1327 4640; x_wconf 82' lang='lat' dir='ltr'><strong>habitura</strong></span> 
     </span>
     <span class='ocr_line' id='line_1_36' title="bbox 338 4671 1278 4752; baseline -0.006 -17"><span class='ocrx_word' id='word_1_210' title='bbox 338 4673 449 4752; x_wconf 75' lang='lat' dir='ltr'><strong>gratias,</strong></span> <span class='ocrx_word' id='word_1_211' title='bbox 470 4673 694 4741; x_wconf 81' lang='lat' dir='ltr'><strong>siintrarersus</strong></span> <span class='ocrx_word' id='word_1_212' title='bbox 708 4671 852 4738; x_wconf 64' lang='lat' dir='ltr'><strong>uimmros</strong></span> <span class='ocrx_word' id='word_1_213' title='bbox 865 4672 1052 4751; x_wconf 46' lang='lat' dir='ltr'><strong>stetissent...</strong></span> <span class='ocrx_word' id='word_1_214' title='bbox 1097 4721 1103 4730; x_wconf 89' lang='lat'><strong>.</strong></span> <span class='ocrx_word' id='word_1_215' title='bbox 1147 4722 1179 4731; x_wconf 87' lang='lat'><strong>..</strong></span> <span class='ocrx_word' id='word_1_216' title='bbox 1219 4722 1223 4731; x_wconf 93' lang='lat'><strong>.</strong></span> <span class='ocrx_word' id='word_1_217' title='bbox 1273 4722 1278 4729; x_wconf 83' lang='lat'><strong>.</strong></span> 
     </span>
    </p>
   </div>
   <div class='ocr_carea' id='block_1_12' title="bbox 0 0 1635 5559">
    <p class='ocr_par' dir='ltr' id='par_1_17' title="bbox 0 0 1635 5559">
     <span class='ocr_line' id='line_1_37' title="bbox 0 0 1635 5559; baseline 0 0"><span class='ocrx_word' id='word_1_218' title='bbox 0 0 1635 5559; x_wconf 95' lang='lat' dir='ltr'><strong> </strong></span> 
     </span>
    </p>
   </div>
   <div class='ocr_carea' id='block_1_13' title="bbox 1618 4631 1623 5540">
    <p class='ocr_par' dir='ltr' id='par_1_18' title="bbox 1618 4631 1623 5540">
     <span class='ocr_line' id='line_1_38' title="bbox 1618 4631 1623 5540; baseline 0 0"><span class='ocrx_word' id='word_1_219' title='bbox 1618 4631 1623 5540; x_wconf 95' lang='lat' dir='ltr'><strong> </strong></span> 
     </span>
    </p>
   </div>
  </div>
 </body>
</html>
