3242 5559
414 1022 864 1108 ARGUMENTUM
897 1021 1200 1110 EJUSDEM.

758 1281 855 1316 ¹*-

357 1479 565 1542 CHREMES
586 1480 714 1560 gravide
732 1481 816 1541 uxori
830 1480 898 1542 olim
916 1479 1123 1552 interminatus,
1143 1478 1307 1558 sipuellam

315 1586 441 1656 pareret,
454 1577 533 1636 nolle
547 1576 619 1636 tolli.
660 1577 701 1636 At
717 1573 767 1638 illa
781 1578 856 1637 clam
870 1576 937 1637 anui
951 1565 1110 1637 Corinthia
1123 1575 1308 1636 nutriendam

315 1673 408 1734 dedit.
449 1673 538 1733 Hanc
547 1673 676 1734 adultam
690 1674 794 1747 Clinia,
803 1672 895 1734 invito
908 1683 1001 1751 patre,
1013 1691 1111 1732 amare
1124 1671 1230 1752 coepit;
1256 1690 1308 1730 cu·

310 1775 361 1845 jus
375 1767 481 1829 duritia
496 1779 527 1828 et
540 1769 661 1831 assiduis
670 1769 774 1851 jurgiis
792 1770 822 1830 in
842 1767 971 1828 militiam
983 1765 1131 1848 proficisci
1144 1766 1309 1846 compulsus

314 1877 371 1927 est.
412 1865 521 1926 Postea
533 1867 603 1926 sacti
612 1877 721 1946 patrem
735 1867 946 1927 Menedemum
955 1867 1032 1926 odeo
1045 1863 1189 1945 poenituit,
1202 1875 1236 1922 ut
1249 1883 1309 1922 orn·

315 1961 365 2022 nia
380 1962 531 2035 venderet,
551 1973 583 2022 et
607 1983 709 2042 agrum
726 1973 847 2037 emeret,
865 1963 895 2021 in
909 1981 1003 2042 eoque
1026 1980 1059 2022 se
1080 1971 1255 2021 exerceret:
1275 1971 1308 2018 ut

314 2057 360 2118 sic
372 2055 423 2115 lilii
433 2057 565 2135 injuriam
575 2058 773 2120 ulcisceretur.
815 2059 909 2120 Paulo
922 2070 988 2139 post
1001 2057 1155 2120 revertitur
1163 2055 1268 2128 Clinia,
1280 2067 1310 2116 et

314 2154 392 2213 clam
405 2164 498 2232 patre·
509 2151 668 2215 deeutitm
687 2156 767 2235 apud
788 2155 998 2237 Clitiphonem*
1009 2155 1059 2236 qui
1071 2165 1104 2215 et
1118 2155 1179 2234 ipse
1196 2154 1312 2214 emebat

315 2259 447 2310 mortu
469 2249 659 2310 Bacchidem.
701 2250 795 2311 Mittit
807 2255 974 2314 arcessitum
987 2253 1114 2333 cupitam
1129 2251 1312 2330 Antiphilam

317 2343 432 2407 Clinia:
454 2363 523 2406 cum
540 2362 600 2427 qna
619 2358 651 2408 et
668 2346 796 2409 Bacchis
807 2367 867 2410 nna
878 2351 964 2409 venit
1004 2349 1095 2409 Hanc
1107 2345 1311 2409 adolescentes

316 2441 422 2503 Cliniae
444 2443 548 2504 emico
560 2443 700 2504 simulent
711 2444 776 2525 Syri
789 2447 914 2506 technis.
956 2445 1104 2524 Antiphila
1127 2444 1166 2504 sd
1187 2453 1310 2503 matrem

315 2537 491 2601 deducim:
509 2543 596 2619 cnjus
613 2540 771 2602 occasion
789 2535 999 2622 Syros'decem
1011 2541 1104 2600 minas
1116 2538 1312 2600 matriculae

315 2636 414 2696 aufert
424 2655 444 2696 a
457 2635 625 2698 Chremote.
655 2637 774 2698 Dehinc
788 2638 942 2718 Antiphila
952 2637 1128 2718 Clitiphonis
1135 2655 1217 2696 soror
1227 2653 1312 2716 repe·

317 2733 396 2804 ritnr,
410 2733 590 2793 etclinisein
600 2753 724 2794 uxorem
733 2735 830 2796 daun.
869 2731 1013 2795 Chremes
1024 2733 1202 2794 bacchidem
1218 2729 1310 2791 acli-

308 2828 438 2907 -tiphone
458 2829 548 2889 amari
574 2829 794 2892 animadvertite
823 2831 971 2891 irascitur:
999 2831 1165 2889 minitatur:
1194 2829 1258 2894 sed,
1281 2837 1312 2888 et

319 2924 502 2986 Menedemo
513 2925 696 2998 adhortante,
706 2927 767 2988 fillo
782 2927 930 3007 ignoscit:
952 2937 983 2988 ot
996 2927 1082 2986 sliam
1092 2925 1133 2984 illi
1148 2925 1199 2985 dat
1210 2930 1309 3000 conju·
1349 2925 1353 2930 '

319 3041 399 3104 gem.
439 3025 474 3084 ln
491 3027 580 3102 prium
596 3035 665 3085 actu
679 3025 825 3104 agitanda
839 3023 1043 3099 coniunctione
1065 3041 1177 3094 senuna
1197 3019 1311 3082 scilicet

320 3121 490 3182 Menedemi
501 3133 533 3183 et
546 3121 731 3192 Chremetis;
750 3121 835 3181 unul
846 3130 877 3179 et
887 3120 926 3178 de
936 3118 1063 3178 amicitis
1073 3129 1104 3177 et
1115 3118 1311 3178 familiaritate

318 3217 566 3289 adolescentium
584 3217 614 3277 in
624 3236 682 3297 qus
691 3218 821 3298 Clitipho
832 3215 1048 3277 ardentissimas
1062 3215 1232 3274 ostenditur.
1261 3214 1312 3275 Se-

306 3316 421 3373 ·cssdss
441 3324 521 3374 actim
542 3314 686 3392 continet,
706 3313 953 3394 qnemsdmodum
973 3309 1174 3371 adolescentes
1203 3311 1311 3369 amicas

310 3410 500 3488 roceperint3
519 3409 607 3470 simul
620 3421 651 3471 et
665 3411 732 3491 Syri
745 3410 883 3472 callidum
899 3407 1061 3468 cons'dium.
1104 3407 1216 3468 Tertiae
1225 3406 1312 3468 'smus

317 3505 455 3585 exprimit
476 3506 540 3587 Syri
552 3507 699 3568 fallaciam
717 3507 749 3567 in
770 3509 936 3574 chtemetn,
957 3514 991 3562 ut
1010 3502 1190 3564 Bacchidem
1210 3502 1312 3562 credat

320 3600 427 3660 clinlae
439 3617 504 3662 esso
516 3602 649 3676 amicam,
663 3612 693 3662 et
706 3603 883 3684 Antiphilam
897 3601 1051 3662 arrhaboni
1064 3599 1208 3660 Bacchidi
1226 3599 1312 3658 relie-

321 3707 380 3756 tam
394 3709 551 3778 essepntet
568 3717 624 3778 pro
641 3710 773 3779 argento,
785 3699 866 3779 quod
879 3718 966 3759 anum
977 3697 1158 3758 Corinthiam
1168 3695 1311 3756 meretrici

322 3791 433 3851 debere
441 3791 537 3853 tinxit
577 3793 614 3852 ln
634 3804 733 3872 quarto
753 3805 823 3855 actu
841 3796 936 3874 agitur
960 3795 997 3854 de
1010 3793 1211 3873 recognitione
1227 3792 1311 3852 Anti·

321 3886 419 3966 phile,
430 3899 462 3948 et
473 3887 512 3948 de
530 3889 697 3950 extorsione
712 3891 834 3969 argenti,
854 3890 934 3971 quod
950 3890 1087 3950 Bacchidi
1106 3889 1234 3969 Clitipho
1247 3907 1312 3968 prc-

323 3982 448 4042 miserat
481 3983 600 4052 Qointus
613 3997 697 4046 actus
709 3987 839 4047 continet
849 3988 975 4046 omnium
985 4007 1082 4048 rerum
1093 3986 1310 4046 conversionem

321 4079 362 4139 ad
370 4079 516 4155 jucundos
535 4081 641 4156 exitus,
664 4082 813 4162 patefacta
830 4083 944 4145 cunctis
961 4083 1127 4162 cognitione
1140 4093 1311 4162 gestorum:

323 4187 354 4236 et
372 4177 616 4255 qnemsdmodum
639 4177 820 4256 Antiphilam
840 4199 962 4239 uxorem
983 4179 1078 4240 Clinia
1091 4179 1227 4240 duxerit:
1251 4177 1310 4238 cli-

322 4271 404 4351 tipho
416 4292 494 4347 vero,
506 4273 623 4336 dimissa
636 4274 794 4349 Bacchide,
804 4274 890 4336 aliam
901 4275 1056 4355 acceperit.
