3242 5559
575 787 643 857 ΠΒ
668 786 912 849 ΤΗΒΔΤΚΟ.
1133 789 1242 851 lxxxvii

253 970 326 1038 «lire,
340 978 390 1029 sut
404 966 475 1027 illuc
487 965 605 1046 regredi
617 964 794 1027 videmur.
815 964 852 1025 In
862 964 958 1029 merlis
967 970 1149 1029 soemoomr
1162 970 1244 1047 regie

255 1064 444 1129 ωυίοτωιω
455 1063 636 1136 manturna
648 1063 873 1148 quasuuiuque
886 1063 1177 1145 iusruut‘composita
1187 1066 1246 1125 loe.

231 1212 238 1219 .
249 1162 430 1241 ,italiaque
449 1169 537 1222 vocat
553 1159 712 1232 litterius,
728 1179 747 1219 a
764 1160 869 1243 quibus
882 1161 1244 1245 sctompicrlirsssputc.

255 1256 395 1317 Omnium
419 1274 584 1329 sceuuuru,
602 1276 675 1336 quas
698 1255 823 1319 Romani
843 1257 874 1317 in
893 1257 1009 1335 theano
1028 1278 1155 1339 uuquam
1174 1278 1244 1321 uun·

254 1337 532 1433 morotum
544 1352 1244 1437 numumfmmmmrsscmuam·

253 1450 334 1512 litate
360 1470 415 1512 sua
440 1450 613 1511 oomnuxit
654 1450 729 1509 Eam
746 1448 889 1530 triplicem
906 1449 997 1511 fuisse
1013 1450 1104 1511 refert
1124 1451 1243 1523 Pliuiru,

255 1548 407 1609 driuidiue
424 1566 527 1609 ccccx
544 1530 753 1609 columnarium.
793 1546 857 1607 Irus
873 1566 939 1625 pars
956 1566 1055 1609 scene
1069 1566 1245 1608 marmoreos

255 1644 355 1706 bsbuit
366 1645 503 1725 perisses,
516 1664 576 1704 uon
585 1643 671 1704 facile
686 1643 808 1704 dixerim
820 1656 917 1703 sectos
929 1661 967 1703 au
980 1642 1077 1703 solidis
1089 1642 1181 1721 glebis
1195 1662 1246 1725 pu-

252 1741 330 1801 litos.
371 1742 470 1800 Medio
480 1740 537 1801 fuit
551 1739 662 1813 eritro,
675 1739 805 1801 iusudito
818 1740 906 1803 etiam
918 1750 1023 1820 postes
1037 1757 1146 1820 gruere
1159 1740 1245 1799 luxu·

254 1836 314 1899 riu.
356 1836 485 1897 Summe
497 1836 604 1898 tabulis
620 1836 758 1897 inauratis
775 1836 929 1910 columnae,
941 1836 1009 1897 ime
1022 1836 1246 1916 duodequadra-

253 1954 362 2015 genum
374 1934 492 2014 pedum.
514 1933 607 2013 Signa
618 1950 705 1993 cerea
713 1932 790 1993 iuter
800 1933 951 1993 columnas
963 1932 1092 2005 fuerumt,
1105 1933 1162 1993 tria
1181 1924 1246 1993 mil'·

253 2032 292 2092 lia
304 2050 437 2091 numero.
450 2053 453 2060 ·
472 2030 532 2091 Sed
545 2042 578 2091 et
589 2030 719 2110 reliquus
731 2040 886 2111 apparatus
899 2030 998 2091 tautu's
1010 2030 1139 2091 Attalica
1151 2028 1244 2101 veste,

252 2128 358 2190 tubulis
368 2129 466 2209 pictis,
480 2142 649 2207 ceteroque
663 2125 802 2206 choragio
814 2126 880 2199 fuit,
895 2128 971 2187 utin
985 2126 1182 2189 Tusculanam
1193 2127 1244 2187 vil·

253 2226 311 2287 lam
329 2223 486 2305 reportatis
498 2244 565 2303 quae
583 2223 804 2303 superfluebant
816 2224 973 2305 quotidiani
986 2244 1055 2285 usus
1068 2222 1190 2299 deliciis,
1203 2225 1247 2284 iu-

254 2323 420 2384 ceusarilla
432 2322 470 2381 ab
483 2320 563 2381 iratis
580 2320 670 2381 serris
683 2310 917 2382 concremaretur
940 2320 978 2379 ad
998 2322 1163 2381 sestertium
1182 2322 1245 2380 mil-

253 2418 314 2479 lies.
354 2414 502 2479 Stenarum
514 2428 613 2479 antem
627 2418 680 2498 (ait
694 2414 856 2494 Vitruvius)
869 2435 979 2495 genera
996 2429 1063 2477 suut
1076 2418 1140 2491 tria,
1154 2438 1244 2478 unum

254 2516 331 2597 quod
341 2515 448 2575 dicitur
460 2516 606 2594 tragicum,
620 2526 709 2595 atque
721 2513 753 2573 id
766 2513 894 2575 omnium
905 2514 1163 2575 sumtuosissimum
1172 2510 1245 2574 fuiti

254 2613 376 2673 alterum
388 2612 535 2671 comicum.-
556 2611 672 2671 tertium
689 2612 844 2689 immicus.
886 2610 1001 2671 Horum
1016 2622 1112 2671 autem
1129 2622 1246 2672 ornetur

253 2720 321 2768 suut
331 2709 411 2768 iuter
422 2728 455 2768 se
473 2706 634 2781 dissimiles,
648 2706 812 2787 disparique
824 2706 951 2767 rabone:
973 2708 1086 2787 tragico
1102 2708 1179 2768 euim
1193 2708 1245 2770 de·

253 2806 412 2866 formantur
428 2802 580 2880 columnis,
597 2804 720 2884 fatigiis
737 2814 769 2867 et
786 2804 886 2884 siguis,
906 2802 1080 2885 reliquisque
1096 2804 1244 2885 regalibus

252 2902 348 2962 rebus.
390 2901 505 2961 Comicc
521 2911 620 2961 autem
637 2901 827 2962 edificiorum
853 2900 1032 2981 privatorum
1053 2913 1084 2961 et
1096 2902 1244 2962 menisuo·
1338 2960 1342 2967 ,

252 3018 315 3057 rum
327 2996 438 3057 habent
456 2996 597 3077 speciem,
616 3009 849 3078 prospectumque
868 2997 1005 3059 fenestris
1026 2998 1192 3078 dispositos,
1207 2998 1245 3059 ad

252 3094 442 3155 imitationem
454 3094 651 3155 communium
663 3094 861 3155 edificiorum.
881 3094 1013 3173 Satyricoe
1021 3113 1091 3156 vero
1108 3106 1246 3155 ornantur

252 3190 411 3261 arboribus,
425 3190 583 3270 speluncis,
600 3190 757 3264 montibus,
775 3192 952 3273 reliquisque
970 3191 1133 3270 agrestibus
1147 3193 1244 3263 rebus,

251 3288 282 3348 iu
293 3287 409 3368 topiarii
422 3286 519 3366 operis
531 3287 662 3367 speciem
681 3286 860 3349 deformatis.
901 3287 974 3347 Post
988 3306 1106 3347 scenam
1125 3288 1247 3363 porticus

253 3397 335 3446 eraut
348 3394 535 3455 constructe,
551 3402 610 3464 quo
623 3402 712 3463 quum
728 3384 837 3444 imbres
854 3382 997 3463 repentini
1010 3383 1093 3442 ludos
1110 3383 1247 3463 interpel-

251 3482 390 3552 laveraut,
403 3490 516 3540 actores
528 3499 561 3539 se
574 3480 755 3559 recipiebant
764 3500 803 3540 ex
822 3479 942 3560 pulpito,
957 3488 1008 3539 aut
1021 3478 1050 3539 iu
1063 3478 1169 3557 quibus
1183 3498 1247 3539 ves·

253 3578 325 3639 tium
337 3577 589 3648 commutationes,
610 3589 642 3639 et
661 3596 849 3658 personarum
865 3574 1035 3639 indumenta
1053 3568 1247 3639 adunabmss

253 3684 308 3736 tur.
348 3675 448 3754 Ipsam
461 3684 561 3734 autern
579 3692 770 3754 personarum
789 3672 1076 3754 representationem
1096 3672 1127 3732 in
1145 3667 1244 3743 scenaj

254 3783 340 3851 atque
354 3761 435 3831 adeo
444 3763 685 3851 compositionem
706 3759 867 3843 comedim,
879 3770 980 3831 Greci
991 3772 1085 3830 dranis
1094 3782 1247 3831 vocarunt.

256 3868 317 3929 Sed
329 3880 362 3929 et
375 3886 494 3949 scenam
506 3855 887 3949 vomnt·comici,'quicquid
898 3868 964 3928 duae
983 3879 1034 3927 aut
1044 3879 1104 3928 tres
1114 3880 1246 3949 personae

255 3965 396 4027 musonis
407 3964 515 4045 integri
528 3975 560 4025 et
572 3964 695 4025 absoluti
709 3965 922 4045 colloquuntur,
942 3965 1059 4045 illicque
1072 3964 1135 4024 linit
1147 3982 1245 4037 scena,

254 4062 304 4125 ubi
316 4072 370 4123 sut
388 4060 488 4142 aliqua
505 4053 631 4142 persona
648 4060 867 4143 introgreditur,
886 4071 937 4138 aut
951 4060 1008 4121 alia
1020 4059 1059 4121 ad
1076 4060 1181 4133 iorum,
1196 4072 1249 4121 aut

254 4158 323 4221 abbi
336 4158 376 4219 sd
388 4158 514 4218 vicinam
527 4158 628 4219 currit.
670 4159 756 4219 Aetas
775 4168 873 4218 autem
890 4158 987 4237 plures
1005 4176 1107 4217 scenas
1121 4176 1249 4237 comprs-

253 4256 414 4317 beudebst.
433 4254 557 4334 Estque
569 4255 600 4315 iu
613 4255 757 4315 comoedia
768 4274 835 4335 pars
848 4254 1061 4334 quodammodo
1074 4242 1208 4315 absoluta
1218 4264 1249 4315 e‘t

253 4352 378 4433 integra,
392 4352 523 4411 noudum
534 4362 633 4412 umen
645 4370 708 4413 rem
721 4371 838 4412 omnem
855 4352 978 4413 liniens:
999 4350 1052 4411 sed
1064 4352 1104 4411 ita
1117 4352 1249 4412 dimidia·

253 4447 502 4528 tsurreliuqueus,
516 4459 551 4508 ut
562 4448 706 4528 respirent
718 4459 909 4528 spectatores,
921 4458 951 4507 et
962 4446 1076 4509 facilius
1090 4458 1248 4508 commute-

254 4559 312 4618 tur,
320 4544 463 4625 quicqnid
474 4544 507 4605 iu
519 4543 635 4623 reliquis
645 4543 936 4625 comoediaepartibus
949 4556 1096 4625 superest:
1109 4546 1140 4605 id
1151 4556 1247 4606 auteur

256 4650 333 4701 sdes
344 4640 668 4701 emmanedicebaut.
708 4640 827 4701 Interea
841 4641 919 4701 mimi
933 4640 1053 4703 dicteria
1074 4654 1105 4704 et
1118 4642 1249 4731 diverbia

255 4736 433 4827 referebant,
454 4728 898 4817 rediebauturqueuescisquoe
913 4738 1135 4819 jucunda„quae
1155 4758 1248 4819 popu·

256 4832 318 4894 lum
338 4834 407 4895 'alia
428 4834 623 4899 obleuauoue
642 4833 819 4898 afficerent·
841 4834 878 4896 lu
900 4834 1130 4921 comedissem
1150 4835 1249 4917 plures
