3242 5559
537 1131 1062 1220 ARGUMENTUM.

757 1415 852 1449 ⁴·-

354 1638 494 1700 RAPTA
512 1640 645 1721 quedam
666 1661 706 1703 ex
723 1641 826 1703 Attica
837 1639 918 1720 virgo
931 1639 1045 1712 nobilis,
1066 1649 1154 1720 atque
1172 1635 1301 1702 abducta

315 1747 361 1794 est
373 1734 533 1808 Rhodum
552 1738 650 1818 ibique
663 1739 749 1798 matri
762 1735 882 1798 Thaidis
892 1735 1052 1798 armenicis
1064 1737 1102 1795 ab
1115 1735 1211 1797 amico
1223 1735 1302 1796 dunc

313 1829 382 1892 data
394 1843 449 1904 ert,
463 1843 495 1894 et
507 1833 635 1896 educata
646 1835 727 1896 velut
745 1851 838 1905 soror,
856 1851 915 1892 una
925 1850 991 1892 cum
1003 1831 1064 1892 filia
1075 1831 1199 1893 Thaide.
1241 1831 1303 1894 Sed

314 1925 414 2000 lhsir,
428 1928 532 1990 relicta
549 1939 653 2003 matre,
675 1929 782 1991 Rhodo
803 1948 871 1990 cum
884 1937 1013 1988 amatore
1029 1927 1155 2006 quedam
1169 1926 1304 1988 Athenas

312 2041 346 2082 re
364 2025 507 2101 contulit:
528 2027 566 2085 ah
580 2046 675 2106 eoque
693 2027 780 2089 heres
792 2024 922 2086 instituta
939 2033 1066 2096 mortuo,
1084 2041 1154 2084 mur
1174 2041 1194 2084 a
1211 2022 1303 2084 milita

313 2116 470 2200 Thracane·
478 2119 653 2200 diligebatur
663 2123 758 2184 nimis.
797 2111 857 2189 Qui
870 2139 937 2180 cum
947 2119 1067 2178 Atlrenir
1079 2120 1229 2200 profectur
1241 2137 1303 2180 ma·

311 2222 388 2274 trem
402 2212 522 2276 'l'haidir
533 2229 680 2278 mortuam
693 2219 795 2278 Rhodi
815 2215 1015 2295 comperiraet,
1029 2224 1060 2274 et
1072 2233 1137 2276 eam
1151 2215 1303 2294 virginem,

312 2327 400 2387 quam
417 2309 552 2383 diximus,
569 2313 607 2371 ah
627 2312 783 2385 heredibus
799 2321 924 2372 mortue
937 2309 1185 2370 animadvertisset
1197 2331 1304 2372 renum

312 2422 379 2464 ease
390 2405 584 2484 propositam:
605 2408 736 2486 quamvis
756 2407 875 2487 ignarus
895 2424 992 2466 rerum
1013 2405 1151 2478 omnium,
1172 2407 1242 2466 emit
1258 2416 1302 2465 ts·

311 2517 390 2572 men,
411 2510 442 2560 et
461 2501 540 2561 dono
564 2511 668 2562 amata
687 2502 794 2564 'lhaidi
817 2502 896 2563 rexit
917 2499 1060 2562 Athenas.
1100 2499 1210 2561 Verum
1226 2511 1303 2582 port·

313 2614 400 2673 quam
426 2597 584 2658 adveniens
610 2597 728 2658 rivalem
752 2595 916 2658 Phedrium
940 2594 1020 2676 apud
1041 2595 1164 2658 amicam
1183 2597 1302 2678 reperit,

312 2709 400 2770 quem
409 2712 464 2773 per
473 2697 536 2769 ejus
548 2692 708 2754 absentiam
719 2693 774 2754 ribi
785 2692 925 2752 meretrix
938 2691 1121 2754 comilisrat:
1142 2692 1301 2768 affirmarit,

312 2806 345 2846 se
357 2807 417 2848 non
427 2798 494 2850 ante
508 2790 643 2850 daturum
660 2789 829 2870 promissam
842 2787 1000 2868 virginem
1013 2808 1100 2868 quam
1115 2787 1205 2850 Thais
1222 2789 1305 2851 furas

313 2885 449 2944 emulum
462 2887 631 2965 pepulisset.
670 2885 727 2944 llla
744 2885 843 2965 igitur,
864 2885 918 2946 etsi
928 2895 1047 2970 'amaret
1061 2884 1235 2957 Phaedriam,
1250 2906 1303 2946 cu·

314 2979 434 3060 piditate
446 2993 544 3042 tamen
557 2982 765 3063 recuperandae
775 2981 892 3060 virginis
906 2992 936 3041 et
950 2981 1020 3042 ciria
1034 2982 1155 3054 Atticm,
1176 2993 1207 3041 et
1217 3001 1304 3061 quam

314 3095 333 3135 a
351 3078 469 3156 parvule
486 3088 520 3138 ut
539 3098 668 3139 sororem
689 3078 842 3149 dilexerat,
862 3077 992 3138 excludit
1006 3076 1179 3137 Phaedriam.
1221 3077 1303 3138 llinc

313 3172 363 3234 ille
372 3173 467 3253 primo
476 3175 626 3235 irascitur:
646 3184 711 3254 post
723 3185 847 3254 accepta
856 3173 928 3234 fscti
938 3173 1058 3244 ratione,
1073 3193 1092 3233 a
1103 3171 1216 3233 Thaide
1229 3173 1302 3232 leni-

313 3279 377 3330 tur:
399 3271 469 3331 etin
478 3271 561 3331 bidui
573 3271 699 3351 spatium
708 3282 811 3350 sponte
823 3269 990 3330 concedens
1000 3267 1094 3340 militi,
1108 3288 1157 3328 rus
1170 3267 1302 3348 proficis·

314 3365 407 3426 citur:
427 3367 628 3446 statimquene
641 3368 678 3427 ab
692 3367 798 3426 oemulo
807 3365 975 3425 muneribus
989 3374 1185 3443 superaretur,
1200 3363 1301 3423 Eunu·

313 3461 399 3522 chum
412 3473 444 3523 et
461 3463 586 3543 puellam
600 3461 773 3524 Parmenoni
783 3462 869 3541 juhet
887 3459 986 3521 abiens
1000 3459 1039 3518 ad
1055 3459 1197 3518 Thaidem
1211 3460 1303 3519 dedu·

315 3576 393 3618 cere.
433 3559 545 3619 Verum
560 3559 685 3620 Chaerea
695 3558 786 3618 frater
800 3557 943 3616 Phsedriae
956 3565 1030 3615 tunc
1043 3555 1184 3635 ephebus,
1200 3555 1261 3614 visa
1273 3555 1304 3614 in

314 3653 487 3733 viarirgine,
496 3654 796 3716 inflammeturamcrs
805 3659 883 3730 ejua3
896 3663 982 3732 atque
993 3670 1031 3711 eo
1039 3651 1130 3712 event
1138 3650 1305 3712 vehementi

315 3748 429 3823 ardore,
449 3761 483 3810 ut
496 3770 550 3830 pro
564 3751 708 3812 Eunucho
721 3750 784 3831 ipse
800 3749 965 3810 deducetur
985 3747 1023 3808 ad
1042 3746 1194 3808 Thuridem.
1235 3748 1305 3808 llac

316 3845 467 3907 occulens
480 3846 581 3907 vitiata
593 3847 684 3927 virgo,
698 3857 728 3906 et
743 3865 810 3905 mur
825 3845 904 3918 civis,
919 3856 949 3905 et
959 3844 1062 3905 nobilia
1076 3845 1202 3924 cognita,
1218 3843 1305 3904 datur

316 3961 388 4001 uxor
398 3941 540 4005 Choerere.
582 3943 716 4003 Phaedria
728 3961 798 4002 vero
811 3951 842 4000 et
854 3941 938 4001 miles
951 3939 1065 4014 rivales,
1086 3941 1172 4000 ambo
1186 3959 1306 4001 cuncor-

315 4037 368 4098 des
377 4057 430 4118 per
439 4039 597 4119 parasitum
608 4039 723 4112 redditi,
743 4037 889 4097 communi
902 4037 996 4097 amica
1005 4035 1068 4096 sine
1082 4037 1238 4099 certamine
1251 4058 1303 4118 po·

314 4133 430 4195 tiuntur.
470 4135 506 4196 ln
517 4137 604 4212 primo
617 4147 686 4196 actu
700 4133 836 4194 thdria
847 4133 981 4194 exclusus
992 4153 1011 4193 a
1024 4133 1148 4206 lhsids,
1161 4144 1192 4194 et
1204 4153 1304 4194 aecum

314 4227 418 4305 primo,
439 4241 471 4290 et
481 4251 549 4292 mox
560 4251 626 4292 curn
640 4233 822 4292 Parmenone
833 4229 1018 4309 conqueritur
1028 4229 1159 4289 sortimur
1173 4249 1257 4290 ruas:
1272 4241 1303 4290 et

315 4323 353 4382 ad
362 4337 541 4404 postremum
554 4347 651 4388 coram
663 4337 785 4388 accusat
797 4325 950 4388 Thaidem.
986 4325 1097 4386 Rursus
1107 4325 1304 4406 permulcetur

315 4419 353 4478 ab
366 4421 480 4494 eadem,
502 4435 533 4482 et
545 4422 692 4484 voluntate
710 4421 886 4500 digrediens,
908 4441 955 4481 rus
975 4441 1040 4482 sese
1054 4441 1259 4482 concessurum
1274 4422 1304 4479 in

316 4515 438 4592 spatium
459 4517 539 4577 bidui
553 4536 617 4577 esse
636 4517 784 4598 promittit.
826 4516 962 4576 Secundus
980 4529 1071 4588 actus,
1090 4515 1301 4596 profectionem

315 4607 459 4672 Phoedrioe
473 4613 610 4689 conticet,
625 4614 787 4694 delegantis
804 4633 888 4673 servo
910 4613 1112 4676 deductionem
1127 4613 1260 4674 Eunuchi
1272 4624 1303 4672 et
