3242 5559
392 1458 608 1527 IDIOMATA
634 1462 935 1527 PERSONARUM
963 1460 1298 1525 PRAECIPUARUM.

366 1758 450 1832 Simo,
474 1759 539 1840 pina
562 1760 593 1819 in
616 1759 716 1833 filium,
741 1760 795 1820 aed
818 1771 923 1820 natura
942 1757 1149 1820 vehementior.
1202 1758 1368 1834 Pamphilus,

324 1862 390 1943 pina
402 1863 433 1921 in
453 1873 576 1943 patrem,
597 1864 651 1924 aed
663 1864 789 1924 fideliter
802 1883 913 1935 amana,
935 1874 966 1923 et
990 1862 1127 1924 cordatus
1140 1872 1173 1921 ut
1187 1861 1368 1923 adolescens.

326 1966 436 2037 Duum,
456 1967 547 2038 vafer,
562 1987 598 2027 ac
612 1968 673 2047 spei
691 1966 856 2047 pertinacis.
899 1966 1052 2047 Clarium,
1066 1966 1199 2046 simplex,
1213 1986 1249 2027 ac
1263 1965 1370 2027 nullius

326 2070 447 2132 concilii.
475 2073 603 2149 Byrrlio,
618 2071 706 2131 Davo
720 2071 934 2145 dissimillimus,
949 2072 1122 2151 desperandi
1136 2082 1247 2132 auctor.
1281 2070 1369 2145 Crito,

325 2198 449 2258 pauper,
475 2177 529 2237 aed
556 2179 594 2236 ob
621 2178 795 2257 probitatem
820 2174 972 2257 impatiens
999 2176 1192 2237 contumelia.
1235 2175 1367 2247 Clremca,

325 2281 393 2362 piuo
409 2281 440 2339 in
455 2279 554 2353 filiam,
578 2280 684 2361 alioqui
706 2281 831 2342 Simonis
847 2281 1059 2353 dissimillimus,
1079 2281 1196 2360 ingenio
1216 2282 1320 2341 sedato
1340 2290 1371 2342 at

326 2384 453 2470 placido,
468 2406 646 2467 componens
661 2386 765 2449 omnia.
806 2386 908 2463 Myris,
930 2386 1037 2448 callida
1049 2398 1080 2447 at
1093 2386 1172 2446 hcrae
1186 2404 1294 2448 amana.

748 2616 958 2667 *¹*-

661 2838 797 2901 RATIO
820 2840 1044 2904 NOMINUM.

794 3014 915 3028 ψ

373 3137 447 3197 Sino
473 3132 568 3197 dictur
589 3146 635 3198 cat
656 3157 674 3197 u
699 3139 809 3218 apetie.
852 3140 922 3201 simi
949 3143 1026 3203 enim
1053 3144 1116 3205 fere
1136 3155 1204 3205 aunt
1229 3146 1372 3209 iracundi.
1470 3212 1474 3217 ,

336 3240 468 3313 Clrenoes,
490 3247 567 3322 παρὰ
579 3243 611 3301 τὸ
625 3248 789 3322 γρέμπειν,
812 3245 890 3324 quod
904 3266 989 3309 senes
1002 3248 1073 3309 turoi
1086 3262 1249 3331 expurgent
1260 3266 1372 3333 pectus.

334 3347 493 3423 Pamphilus
518 3366 538 3406 a
562 3344 643 3407 fideli
670 3367 777 3409 amore.
842 3351 975 3412 Clarium
1005 3355 1250 3417 abenevolentia
1276 3358 1373 3421 animi.

335 3454 438 3525 Sosim,
466 3454 546 3533 quod
567 3464 696 3513 servatur
721 3456 751 3513 in
777 3456 866 3517 bello.
915 3459 1014 3518 Daoua
1037 3480 1056 3519 a
1077 3462 1178 3540 patria,
1214 3464 1317 3543 opinor
1344 3476 1375 3525 et

335 3557 463 3634 Byrrlric,
489 3558 564 3617 sicut
577 3569 608 3617 et
626 3558 724 3633 Myris.
769 3560 846 3620 Nam
862 3564 952 3642 Mysi,
974 3566 1216 3643 quemadmodum
1231 3569 1374 3650 Phrygas,

334 3662 438 3722 servile
465 3682 558 3740 genua
574 3674 646 3722 arat.
700 3665 855 3742 Glycerium
878 3688 896 3727 a
919 3670 1074 3749 voluptate.
1116 3674 1214 3735 Lesbia
1236 3696 1255 3736 a
1275 3678 1373 3756 patria.

337 3769 424 3841 Crito,
438 3769 517 3848 quod
531 3771 756 3832 controversiam
770 3771 895 3836 dirimat.
936 3776 1041 3837 Dromo
1054 3796 1072 3839 a
1086 3796 1181 3839 cursu.
