3242 5559
341 744 423 808 rua
666 742 729 825 nn
761 738 1011 825 nantuac.

339 944 401 1001 que
414 924 493 988 dono
506 922 636 1001 dabatur,
657 932 691 983 ut
703 922 838 1003 libentius
848 920 980 1002 ltlffl¹td⁰
994 914 1077 977 rocia
1087 912 1167 982 flexu
1177 908 1336 977 addulctt·

345 1020 443 1099 diuum
459 1018 714 1097 commentationes
726 1019 864 1101 populum
878 1017 1037 1091 allicerent·

385 1117 560 1195 Agebantur
568 1117 719 1195 comoerlioe
733 1128 764 1177 et
776 1114 927 1197 tragoerlite
935 1112 1016 1194 apud
1025 1103 1271 1178 cenomannia
1283 1102 1336 1164 1¹0·

344 1232 444 1272 norem
459 1212 542 1271 liberi
552 1214 652 1293 patris.
680 1212 717 1271 In
729 1212 816 1272 ltalia
828 1211 952 1290 primum
965 1219 1038 1288 actae
1052 1214 1120 1269 sunt
1133 1196 1337 1281 Compitaliriir

343 1309 473 1381 ludicris,
500 1309 622 1372 admisto
642 1308 887 1389 pronunciationis
910 1305 1039 1376 modulo,
1066 1320 1135 1383 quo,
1159 1298 1230 1373 dum
1253 1305 1338 1355 actm

345 1406 609 1481 commutabantur,
629 1406 754 1486 populus
764 1404 955 1472 detineretur.
997 1396 1282 1480 Compitalitiiautem
1293 1392 1338 1449 lu·

346 1500 376 1561 di
390 1501 473 1577 dicti,
494 1502 543 1580 qui
554 1520 609 1580 per
619 1500 745 1579 compita
757 1500 886 1569 fiebant3
906 1515 1063 1574 acenaeque
1081 1490 1206 1558 ductsser
1219 1489 1248 1549 in
1260 1488 1339 1567 ploa-

345 1596 397 1655 tria
411 1597 450 1655 ob
462 1596 492 1655 id
505 1596 629 1675 antiquie
643 1595 828 1675 excogitata.
869 1594 978 1658 Postea
989 1610 1059 1667 vero
1072 1588 1192 1658 factum,
1212 1595 1246 1647 ut
1264 1582 1340 1646 ludia

342 1691 478 1771 publicio,
499 1702 530 1752 et
549 1692 579 1751 in
598 1692 714 1759 tlneatm
734 1701 891 1769 agerentur
909 1708 994 1763 pqvoe
1012 1683 1163 1761 comedite
1181 1681 1261 1765 apud
1278 1681 1340 1748 Ro·

346 1806 458 1849 manos.

387 1884 479 1942 Ludos
498 1883 642 1943 vocabant
661 1882 779 1962 publica
798 1882 974 1961 spectamrla,
1001 1898 1067 1959 quta
1086 1888 1150 1942 tutu
1169 1874 1200 1944 iu
1219 1873 1342 1955 gratiam

347 1978 447 2058 populi
463 1978 525 2038 lieri
546 1978 674 2037 solerent
686 1998 706 2039 a
721 1990 836 2051 senatu,
856 1987 887 2037 et
906 1996 926 2039 a
945 1973 1121 2056 principibus
1142 1970 1274 2043 instituti,
1295 1969 1343 2031 Vel

344 2072 385 2133 ad
398 2074 527 2135 favorem
540 2074 640 2153 populi
651 2074 863 2146 conciliandum
868 2076 917 2153 (ut
926 2072 1079 2136 nonnulloa
1093 2071 1226 2131 emeres
1237 2066 1343 2127 fecime·

348 2170 484 2249 legimus)
508 2170 553 2247 vel
576 2170 797 2246 unanimorum
819 2170 1027 2236 relaxationem
1051 2178 1082 2233 ct
1105 2164 1342 2227 oblectationem.

348 2266 448 2327 Multo
461 2267 552 2345 magia
563 2267 602 2328 ad
613 2263 783 2345 religionem
795 2265 917 2339 instituti
929 2275 997 2326 aunt
1009 2264 1081 2326 ludi.
1122 2262 1200 2341 Nam
1214 2260 1268 2337 diis
1278 2267 1344 2339 poet

349 2363 492 2425 sacrificia
503 2364 591 2423 etiam
605 2363 689 2425 ludos
702 2364 834 2443 publicos
848 2363 1070 2438 consecrabant.

389 2460 464 2521 Ludi
475 2460 572 2539 igitur,
593 2472 623 2520 et
637 2462 750 2531 ludicra,
771 2480 837 2538 quar
858 2459 945 2537 etiam
962 2459 1109 2518 certamina
1120 2464 1261 2537 vocarunt
1283 2452 1342 2531 La·

348 2554 414 2633 tini,
436 2556 534 2616 Graeci
550 2556 671 2635 Agonas,
692 2556 848 2633 multorum
863 2576 1000 2636 generum
1013 2554 1149 2616 fuerunt:
1170 2570 1265 2631 neque
1274 2570 1344 2612 vero

349 2672 409 2711 uno
423 2662 537 2711 tantum
551 2652 719 2731 spectaculo
738 2652 766 2710 in
780 2652 902 2732 publicis
921 2650 1201 2731 ludiadetiuebatur
1211 2648 1344 2728 populus.

350 2748 444 2817 Erant
460 2758 557 2807 autem
567 2748 628 2807 ludi
639 2748 757 2826 gymnici
771 2757 801 2821 et
815 2748 952 2807 athletici:
974 2748 1031 2809 tadi
1044 2747 1193 2818 circaue.-
1215 2745 1271 2806 ludi
1281 2746 1344 2825 gla-

350 2843 478 2902 diatoni:
500 2854 530 2902 et
549 2845 605 2902 ludi
619 2842 726 2916 aranei,
747 2842 785 2901 de
799 2843 903 2921 quibua
916 2862 994 2923 ¹rarruc
1006 2840 1173 2920 singulatim
1187 2845 1232 2901 ert
1244 2839 1345 2922 paucio

350 2937 557 3009 disserendum,
571 2937 675 3017 partim
688 2957 724 3017 aa
738 2938 861 3013 Budaeo‚
875 2953 982 3000 nocuae
994 2938 1098 3006 Galliae
1110 2936 1228 3007 lumine,
1239 2934 1344 3015 partim

352 3052 390 3093 ea
404 3033 546 3106 Vitruvio,
567 3032 709 3106 Lucieno,
732 3044 762 3093 et
775 3034 838 3093 aliia
851 3036 975 3115 antiquis
989 3033 1167 3115 auctoribus.

393 3130 518 3207 Gyranici
535 3140 566 3189 et
587 3131 707 3191 athletici
724 3130 833 3191 ludi·in
850 3130 992 3211 palestria
1014 3150 1051 3191 ac
1067 3128 1221 3211 gymnasiis
1234 3128 1345 3197 fiebant

352 3225 432 3303 apud
452 3224 585 3297 Graecos,
614 3246 681 3305 qum
700 3226 765 3287 loca
783 3227 903 3289 luerunt
922 3228 1101 3294 exercendis*
1115 3236 1146 3301 et
1165 3226 1294 3307 corporis
1314 3236 1345 3287 ct

352 3320 438 3381 animi
452 3322 557 3387 viribus
571 3323 799 3383 accommodata.
842 3324 919 3385 Nam
933 3324 1020 3385 etiam
1032 3324 1072 3384 in.
1082 3324 1116 3395 iia
1135 3323 1277 3403 palaestris
1296 3333 1346 3383 aut

352 3417 634 3495 gymnasiisexedroe
643 3418 768 3489 fuerunt,
779 3419 809 3477 in
818 3421 922 3498 quibua
931 3419 1093 3500 philosophi
1104 3405 1201 3491 Gioeci
1210 3420 1345 3482 sedentes

353 3514 550 3593 disputabant.
593 3513 652 3573 Sed
671 3524 701 3573 et
721 3516 855 3589 pulaemroe
874 3516 1030 3596 appellatio
1045 3534 1161 3575 omnem
1179 3514 1345 3574 athleticam

352 3620 445 3667 artem
467 3618 498 3668 et
519 3608 759 3667 exercitationem
781 3611 994 3688 complectitur,
1016 3610 1256 3691 decentiamque:
1287 3630 1346 3690 qua

353 3714 453 3774 statue,
475 3715 580 3774 motus,
600 3703 754 3783 flexusque
773 3705 910 3784 corporis,
933 3726 968 3766 ac
981 3727 1082 3767 omnes
1095 3707 1211 3766 omnino
1231 3706 1346 3766 habitur

353 3808 536 3889 venustatem
559 3798 703 3877 quandam
720 3798 907 3881 leporemque
922 3824 983 3883 proe
1001 3824 1034 3867 sa
1053 3804 1168 3866 ferunt:
1188 3823 1276 3883 quam
1295 3804 1346 3884 qui

353 3913 413 3953 non
427 3893 599 3968 didicerant,
617 3894 636 3955 ii
650 3898 787 3971 apulaeatoi
799 3899 838 3957 ab
851 3900 976 3981 antiquie
989 3899 1057 3961 dicti
1071 3910 1147 3962 aunt.
1188 3899 1263 3965 Bata
1276 3918 1347 3961 vero

353 4000 448 4050 artem
460 3989 510 4069 qui
523 3992 709 4065 exercebant,
730 4004 780 4053 aut
794 3994 844 4073 qui
856 3994 887 4055 in
899 3996 1043 4077 palaestrae
1056 3997 1280 4069 exercebantur,
1298 3995 1345 4057 rel

355 4085 545 4175 decertabant
580 4088 713 4166 praemiis,
744 4092 902 4164 patrante
926 4094 973 4155 rel
995 4094 1143 4170 micauri
1167 4092 1237 4155 dicti
1260 4090 1345 4156 eunti

355 4182 506 4262 gymnicos
521 4182 621 4245 Graeci
635 4184 721 4246 etiam
735 4187 887 4262 vocarunt,
907 4191 986 4269 quod
1007 4190 1077 4253 nudi
1091 4191 1210 4251 athlete
1224 4208 1346 4251 exerce·

354 4290 463 4339 rentur.
504 4281 650 4341 Caeterum
669 4281 697 4341 in
710 4281 847 4362 palaestra
858 4288 992 4363 gymnasii
1011 4286 1261 4367 (inquitPlautur)
1279 4306 1344 4350 cur·

355 4394 401 4447 au,
424 4375 572 4449 luctando,
593 4377 685 4451 hesta,
702 4379 794 4455 diaco,
816 4382 957 4460 pugilatu,
976 4383 1107 4446 saliendo
1120 4404 1152 4445 ae
1166 4386 1345 4465 exercebant
1409 4400 1414 4409 ·

355 4470 483 4531 athleta.
518 4472 694 4550 Hnjunmodi
712 4476 774 4535 ludi
792 4476 823 4536 in
845 4496 949 4558 campo
970 4478 1082 4541 Martio
1099 4478 1346 4559 apuuaommor

355 4568 419 4629 fieri
431 4568 575 4631 solebant.

360 4704 363 4714 ·
398 4665 457 4735 Qui
474 4668 628 4729 currebant
645 4668 675 4729 in
695 4670 770 4731 ludia
792 4671 1020 4755 gymnicir,·boc
1040 4685 1097 4748 eat,
1117 4693 1205 4737 curru
1225 4692 1346 4753 corpote
