3242 5559
545 534 661 606 scr.
685 534 735 602 11.
765 535 944 602 sonna
965 533 1033 602 111.
1248 537 1315 640 ere

275 719 389 804 Quum
404 720 480 805 ejus
493 726 562 786 tam
575 723 794 805 negleguntur
807 723 1026 789 internuncii:

274 834 365 898 Nam
381 831 563 915 disciplina
577 837 630 895 est
643 833 782 912 eisdem,
797 812 1002 900 munerarier
1093 870 1098 878 ·

271 943 427 1009 Ancillas
441 943 597 1025 primum,
612 942 657 1007 ad
672 944 827 1008 dominas
843 943 901 1028 qui
916 943 1183 1008 affcctantrr'am.
1269 943 1312 1007 60

271 1052 378 1118 Cum.
402 1051 521 1135 Perge,
538 1055 681 1118 obsecro
695 1060 740 1133 te,
755 1060 789 1119 et
803 1075 888 1120 cave
901 1075 943 1119 ne
958 1053 1081 1120 falsam
1095 1055 1236 1138 gratiam

272 1163 419 1228 Studeas
432 1164 528 1228 inire.
544 1163 627 1248 qnid
642 1164 702 1244 ait,
716 1165 776 1229 ubi
790 1185 845 1230 me
859 1165 1038 1230 nominas'i

271 1274 308 1340 S.
331 1275 400 1339 Ubi
417 1275 561 1340 dicimus
575 1276 705 1340 redisse
719 1280 762 1355 te,
779 1281 814 1341 et
828 1296 945 1360 rogare
960 1276 1010 1341 uti

269 1383 411 1450 Veniret
424 1385 469 1450 ad
482 1391 536 1450 te:
558 1385 677 1451 mulier
689 1387 793 1452 telam
807 1388 934 1452 deserit

271 1480 502 1575 Continuant
514 1496 674 1562 lacrumis
689 1500 808 1582 opplet
822 1518 863 1564 os
877 1501 985 1563 totum
1000 1497 1084 1562 sibi:
1269 1495 1310 1560 65

271 1607 319 1672 Ut
330 1608 433 1672 facile
447 1609 553 1673 scires
569 1608 737 1673 desiderio
752 1607 789 1672 id
802 1607 875 1673 fieri
890 1613 961 1674 tuo.

271 1718 380 1784 (inin.
404 1720 481 1785 Prae
496 1719 632 1803 gaudio,
648 1721 698 1786 ita
710 1741 765 1786 me
781 1720 829 1784 Di
843 1725 966 1798 ament,
981 1720 1041 1784 ubi
1059 1719 1124 1782 sim
1137 1717 1266 1816 nescio.

271 1827 447 1896 itatimui.
490 1829 598 1896 (inlr.
620 1830 670 1897 At
683 1851 747 1915 ego
758 1830 842 1895 nibil
857 1849 934 1895 esse
947 1829 1111 1906 sciebam,
1124 1827 1246 1893 Clinia.

266 1937 423 2022 Agedum
436 1941 599 2022 vicissim,
615 1941 710 2026 Syre,
724 1940 779 2007 dic
795 1960 873 2026 quae
889 1939 993 2006 illa’st
1007 1941 1124 2005 altera.
1180 1949 1182 1957 '

271 2148 336 2197 Nous
349 2149 419 2197 etism
434 2150 548 2214 significet
566 2153 679 2201 damnum
708 2147 766 2202 dne·
815 2151 1311 2218 Georg.lV.562.oiunsquenffsetntOlyns-

270 2229 319 2270 ton.
331 2223 354 2269 in
372 2222 474 2281 (insere,
490 2241 540 2286 csp.
552 2227 592 2272 81.
610 2228 767 2289 spnrinuanne
811 2243 850 2288 ps,
862 2228 1032 2286 interpretetur,
1043 2225 1083 2272 ille
1095 2231 1209 2287 preparet
1218 2226 1264 2274 sibi
1275 2229 1310 2275 di-

268 2295 372 2351 irridens,
381 2303 403 2341 et
411 2293 531 2360 ntfcisnn
539 2313 643 2360 orgum,
653 2299 710 2361 quod
721 2301 766 2346 sine
814 2299 881 2346 rinos
890 2299 997 2354 bonores,
1008 2313 1048 2346 seu
1060 2298 1172 2358 disponit.
1190 2297 1219 2347 C.

267 2367 677 2418 ndomnossidnsliiuniaeessent.
695 2369 724 2419 C.
846 2370 1056 2434 Aneiilusprinrnm]
1069 2371 1312 2432 HieronymedGsu-

311 2442 354 2488 68-
370 2437 524 2503 internuncii]
552 2439 703 2500 internuncii,
726 2443 765 2505 qui
814 2442 877 2490 dset
888 2443 958 2490 solent
968 2442 1042 2488 immet
1051 2443 1141 2489 contuli
1144 2445 1238 2504 junones
1246 2443 1311 2492 iisn-

269 2513 353 2560 nuncia
363 2518 442 2559 semnt
451 2513 481 2560 sd
498 2521 619 2571 smstores,
629 2523 654 2562 et
664 2517 766 2564 reiemut
814 2515 923 2570 dimmtis,
930 2511 1069 2578 affabilitate,
1078 2513 1216 2562 munusculis
1221 2515 1312 2562 nclitum

269 2585 298 2631 sd
319 2591 411 2632 emstsa
451 2585 517 2642 Quos
535 2586 605 2648 sliqui
626 2602 764 2650 gynegoqos
813 2588 853 2634 sibi
870 2602 911 2648 per
926 2587 1023 2634 nutrices
1039 2587 1068 2633 ud
1086 2585 1188 2634 alumnas
1205 2603 1309 2649 querm.

268 2656 349 2703 dicunt
359 2656 495 2703 educendis
504 2659 648 2707 mulieribus.
680 2661 764 2707 Utrum
814 2659 869 2706 Vid.
890 2657 959 2705 ovid.
976 2657 1006 2705 de
1020 2665 1069 2705 erte
1083 2657 1179 2705 emendi.
1195 2659 1311 2720 Lysiasin

268 2729 385 2784 besanes
394 2744 430 2785 ne,
440 2729 487 2790 ipsi
495 2731 605 2778 viderint
623 2731 652 2781 C.
812 2730 882 2790 Apol.
916 2730 962 2785 Qui
979 2727 1096 2794 affectant]
1113 2729 1309 2780 Serriusdiueid.

301 2802 441 2850 Scholiastes
448 2803 765 2867 Bembini,internunciospro
812 2803 862 2850 111.
874 2805 929 2851 670.
952 2802 1035 2850 Junius
1052 2803 1155 2862 Philerg.
1170 2803 1255 2865 Georg.
1266 2805 1310 2852 lv.

267 2875 467 2934 arobpcsuitmd
485 2878 593 2924 uniendo
611 2877 657 2926 bec
674 2880 708 2924 its
724 2887 765 2934 est,
812 2876 916 2923 5621..

268 2949 307 3011 qui
316 2965 360 2994 non
370 2947 765 3009 mgtigermtnr,siessentintemun-
848 2949 878 2993 61
896 2943 986 2992 Fauen
1000 2947 1111 3011 gretiam]
1133 2945 1229 2995 Scilicet
1247 2962 1310 2996 meu·

266 3022 304 3067 cii.
338 3019 454 3067 Caetarum
475 3034 553 3065 omnes
575 3021 657 3077 nostri,
681 3027 765 3082 preter
814 3016 901 3064 tiendo.
936 3017 996 3062 Nsm
1007 3017 1058 3077 ipso
1068 3018 1153 3064 rescito
1164 3017 1238 3080 grsiis
1252 3019 1311 3067 iniis

267 3108 346 3148 unum,
366 3091 400 3137 its
417 3091 487 3137 verbs
505 3091 633 3138 collocent:
649 3109 701 3139 enm
719 3101 765 3139 tans
812 3088 952 3134 imitaberis.
970 3086 998 3135 C.

266 3164 469 3227 mgligersturejns
481 3163 624 3211 internuncii.
658 3163 765 3225 Corripe,
847 3163 879 3210 64
895 3159 977 3206 Placet
985 3175 1036 3206 cnm
1047 3159 1129 3207 Bemb.
1142 3160 1311 3221 legeredecinit

267 3235 447 3298 negligiturque
457 3236 607 3282 neruum.
639 3235 699 3283 Nem
716 3251 765 3282 ser·
813 3230 953 3294 provulgari
963 3231 1050 3278 deserit.
1074 3232 1133 3278 Nem
1143 3232 1311 3280 amiciam

266 3323 310 3356 vos
319 3306 394 3353 nultos
404 3306 485 3353 bsbnit
495 3307 595 3355 domins.
612 3309 640 3355 B.
740 3337 744 3343 »
813 3311 849 3351 ost
860 3303 931 3358 ubire,
942 3303 1050 3364 aufugero
1058 3317 1073 3348 s
1082 3303 1142 3362 lels3
1158 3304 1199 3350 sed
1213 3303 1315 3352 desim

300 3381 332 3428 59
349 3377 409 3425 Nom
426 3378 544 3440 ineptia
561 3379 604 3444 est]
620 3380 765 3441 Pmceptum
814 3384 850 3424 est
858 3376 1014 3422 intermittere.
1031 3375 1061 3422 B.

266 3450 291 3498 in
307 3457 356 3499 erte
372 3451 472 3507 smsudi,
490 3452 513 3498 1.
531 3454 588 3502 351.
607 3458 634 3499 ut
652 3458 765 3499 smstores
846 3450 877 3496 65
896 3447 973 3509 Oppiet
981 3446 1015 3509 os]
1033 3449 1093 3494 Nem
1104 3447 1213 3494 esnimio
1224 3447 1310 3508 gaudio

267 3522 599 3586 priussneillisoorrumpsut.
616 3523 645 3572 C.
811 3520 927 3567 interdum
950 3519 1055 3580 lacryma
1082 3519 1203 3581 provenire
1226 3521 1311 3569 solent,

301 3595 764 3656 Dubimrmterpretmdoiabnfflone
813 3593 934 3656 Apuleius,
951 3593 1048 3639 Metam.
1059 3592 1097 3640 1.:
1121 3600 1177 3640 tune
1196 3608 1236 3656 ego
1255 3595 1312 3640 serrsi

249 3667 314 3730 'lep
328 3669 387 3714 'nom
406 3667 526 3728 disciplina
543 3676 574 3714 est
592 3675 656 3714 κοῖα.
674 3667 764 3715 Gellius
812 3666 948 3714 naturaiiter
957 3663 1208 3729 quosqrsumoffectruin
1223 3673 1311 3714 ωηεν-α·

267 3741 327 3788 XX.
338 3745 361 3787 1.
371 3741 423 3788 scies
433 3741 492 3786 enirn
502 3739 710 3801 meprodiseipiinu
720 3755 765 3787 ee-
811 3740 873 3786 rium
882 3739 1000 3799 proaenire.
1034 3735 1095 3788 Nan
1111 3746 1139 3785 ut
1156 3738 1310 3800 lacrymose-

267 3819 296 3860 te
313 3828 379 3874 ptem
399 3811 455 3869 colo,
472 3813 584 3875 inquirere
599 3814 680 3872 potiris,
699 3828 765 3875 quium
810 3810 886 3872 piciclo
904 3809 931 3855 de
948 3809 1033 3872 gaudio
1048 3810 1156 3869 prodeunt
1162 3825 1171 3866 ‚·
1193 3810 1227 3856 itu
1245 3811 1311 3857 etin

268 3885 387 3931 samm
406 3885 432 3931 B.
810 3883 851 3930 iilo
866 3883 933 3929 simio
951 3895 1031 3942 ponne
1046 3883 1117 3929 sinens
1134 3881 1224 3944 nequivi
1240 3883 1310 3929 conti-

297 3959 329 4004 60
345 3953 471 4019 Affoetsnt]
488 3953 598 4019 Affectnre
616 3961 653 4002 est
667 3970 764 4016 pronum
811 3970 871 4003 nere.
889 3953 918 4003 (i.

267 4027 649 4076 suimumsdisciendumbsbere.
666 4027 766 4074 Uidicit
845 4031 877 4078 66
894 4026 1094 4088 Nesyllsbsbuio
1107 4026 1182 4073 versui
1202 4027 1310 4088 supersit,

268 4100 357 4148 Festus.
374 4099 513 4147 laurentius
523 4099 589 4155 dicit,
599 4098 702 4163 affectare
712 4114 764 4146 osse
814 4099 904 4161 corrige
912 4100 974 4156 scius,
983 4106 1007 4146 ct
1021 4099 1189 4161 pronunciabi
1196 4099 1310 4160 monosyl-

267 4173 352 4219 effectu
375 4180 400 4219 et
425 4180 509 4219 oonsln
535 4171 629 4219 slterius
647 4172 764 4218 uirtutem
814 4172 888 4219 leben.
906 4173 935 4218 B.

266 4245 378 4301 mulsei,
386 4261 454 4306 quem
468 4245 560 4306 assequi
576 4244 765 4306 nequeas‚reirs·
856 4247 887 4294 68
915 4245 1015 4293 Verbum
1050 4245 1142 4293 sciebam
1173 4243 1312 4291 scholiastes

269 4325 337 4381 geute
350 4325 438 4366 astute.
470 4319 567 4366 Servius
579 4323 655 4365 sutem
672 4316 711 4364 bio
728 4316 765 4363 in·
814 4319 895 4364 Bemb.
919 4317 1090 4382 interpretetur,
1123 4318 1179 4380 quod
1212 4317 1314 4366 sinens

267 4397 404 4454 terpretetur
417 4390 531 4456 affectunt,
542 4392 602 4438 viem
620 4397 765 4452 preparent3
815 4391 917 4438 Fnsnn.

268 4465 458 4525 quemadmodum
483 4472 507 4513 et
525 4464 584 4512 illud
605 4462 765 4525 Virqilisnnm,
848 4466 881 4512 69
897 4465 1009 4529 Agedanj
1026 4464 1074 4526 Age
1082 4463 1221 4525 singulsrem
1231 4479 1311 4512 nme·
