3242 5559
295 782 344 843 viii
504 878 507 884 Ι
705 786 976 848 PRAEFATIO.

295 966 468 1046 punctiones
487 974 517 1027 et
539 965 739 1028 distinctiones
764 968 805 1027 ita
824 967 1000 1027 constituere
1021 966 1128 1038 studui,
1154 977 1187 1026 ut
1208 963 1341 1046 quiedam

296 1059 468 1132 constantia,
488 1059 736 1139 aLindenbrogic
751 1070 802 1119 aut
814 1060 879 1137 ejus
892 1061 1105 1122 correctoribus
1118 1060 1263 1139 neglecta,
1284 1078 1344 1120 ser-

294 1163 429 1224 uaretur3
451 1152 665 1233 orthographiae
680 1153 805 1233 denique
815 1153 957 1214 rationem
969 1174 1039 1214 cum
1050 1154 1081 1213 in
1093 1152 1214 1233 singidis
1226 1152 1341 1223 litteris,

293 1244 384 1305 veluti
395 1244 454 1319 Set,
468 1256 544 1323 apra,
565 1247 705 1317 accersivi,
723 1244 775 1305 tro.
789 1257 853 1305 tum
866 1243 896 1305 in
909 1246 1166 1326 compositionibus
1176 1246 1343 1315 verborum,

294 1338 345 1397 ubi
359 1338 610 1419 Lindenbrogiurn
621 1340 752 1420 aliosque
765 1338 924 1401 llumuasse
939 1338 1084 1412 ridebam,
1104 1339 1290 1410 stabiliorem,
1312 1347 1343 1396 et

297 1429 339 1490 rei
352 1442 462 1491 naturae
476 1430 652 1512 Graecaeque
666 1430 775 1511 lingum
785 1433 927 1512 anmcgiae
938 1432 1203 1493 convenientiorem
1216 1431 1343 1490 reddere

292 1546 358 1585 rum
376 1536 506 1599 conatus,
528 1526 603 1587 odeo
619 1537 653 1585 ut
670 1547 698 1585 v.
713 1547 741 1588 c.
755 1546 808 1606 pro
827 1526 943 1587 inridere
961 1546 1136 1607 reponerem
1149 1527 1271 1596 irridere,
1286 1530 1341 1583 dic.

294 1618 347 1679 sed
360 1617 446 1679 salvis
458 1618 637 1691 archaismis,
657 1638 731 1699 quos
747 1618 876 1698 prolenis
888 1620 1023 1681 manibus
1036 1619 1181 1699 attingere
1195 1618 1276 1678 nefas
1289 1638 1343 1696 pu.

292 1714 410 1784 tabam
430 1722 518 1792 atque
533 1713 649 1773 omnino
662 1729 780 1773 omnem
794 1732 893 1773 curam
903 1712 1140 1793 diligentiamque
1152 1711 1283 1784 adhibui,
1303 1728 1342 1769 ne

293 1806 359 1865 htac
378 1804 467 1866 editio
488 1815 732 1886 conspurcaretur
744 1805 830 1877 vitiis,
851 1826 917 1886 qure
934 1826 987 1886 per
1004 1806 1140 1885 rudgares
1156 1805 1293 1865 mercede
1312 1813 1344 1861 et

295 1900 402 1960 lucello
425 1900 490 1960 fere
511 1919 600 1979 parvo
624 1900 785 1959 conductos
805 1910 996 1972 correctores,
1028 1900 1078 1960 ubi
1101 1898 1174 1960 fides
1197 1897 1342 1978 quasdam,

294 2012 361 2072 quae
382 1991 537 2071 requiritur
547 2001 579 2051 et
597 1991 757 2071 diligentia,
778 2012 817 2052 ne
837 1988 907 2073 quid
927 1993 1043 2071 gravius
1059 1992 1163 2064 dicam,
1184 1989 1343 2051 admodum

294 2104 361 2145 rara
387 2084 627 2165 deprehenditur,
659 2085 805 2145 interdum
833 2086 1060 2159 committumtur,
1092 2098 1124 2146 et
1151 2085 1227 2145 adeo
1251 2084 1343 2144 virtus

295 2178 466 2251 editionum,
497 2198 585 2259 quem
608 2178 731 2259 primam
750 2178 860 2255 judico,
891 2180 1011 2241 tollitur.
1062 2180 1218 2241 Hactenus
1239 2178 1278 2239 de
1296 2177 1342 2247 iis,

294 2292 360 2353 quae
377 2271 558 2332 fereomnia
570 2291 629 2332 nou
649 2272 705 2333 nisi
720 2272 760 2332 ad
779 2273 982 2352 repetitionem
996 2272 1262 2353 Lindenbrogianae
1280 2271 1343 2331 edi·

291 2366 377 2427 tionis
387 2365 543 2446 pertinent.
585 2366 866 2447 Explicemusnuuc
876 2367 1107 2449 deinceps,3quoe
1119 2364 1258 2447 tanquam
1266 2383 1344 2425 nova

291 2458 333 2518 illi
347 2470 546 2521 accesserunt.
587 2460 721 2519 Frentum
733 2459 853 2539 quidem
863 2459 943 2534 olim,
953 2472 985 2521 et
996 2472 1099 2540 postea
1113 2461 1265 2538 Bentlejum
1275 2478 1350 2525 cunr,

291 2551 499 2613 intellexissem
510 2553 631 2611 multam
640 2550 819 2614 Terentiano
833 2553 929 2613 textui
943 2553 1128 2613 emendando
1139 2565 1171 2613 et
1180 2552 1343 2613 lectionum

292 2642 467 2705 auctoritate
486 2643 684 2703 confirmando
699 2663 817 2724 operam
826 2643 965 2714 .dedisse;
977 2646 1023 2705 ab
1038 2664 1092 2705 usu
1105 2645 1192 2721 hujus
1205 2643 1342 2706 editionis

293 2737 415 2809 critico,
429 2737 589 2818 praesertim
603 2756 669 2797 curn
680 2738 780 2797 multoe
793 2736 1004 2817 Lindeubrogii
1018 2749 1096 2801 notae
1116 2738 1243 2797 eundem
1256 2754 1342 2816 spec·

292 2843 366 2913 tent,
384 2852 446 2893 non
457 2832 582 2893 alienum
597 2832 680 2905 duxi,
702 2832 814 2912 ubique
827 2832 977 2912 utriusque
989 2820 1227 2893 viri.sententiam
1243 2831 1343 2907 adjun-

292 2946 383 3005 gere3
403 2928 466 3000 sed,
488 2946 526 2987 ne
545 2927 619 2987 liber
639 2926 840 3006 magnitudine
859 2938 891 2987 et
909 2927 1087 2987 scholiorum
1105 2926 1185 2986 nube
1202 2925 1351 2985 molestus·

292 3020 462 3093 lectoribus,
485 3032 515 3080 et
528 3020 605 3081 forte
613 3018 715 3101 pretio
728 3019 887 3081 emtoribus
895 3019 1269 3089 incommodusexisteret,
1283 3017 1342 3077 hoc

292 3124 524 3193 temperamento
545 3134 610 3175 sum
630 3133 708 3185 usus,
730 3125 763 3173 ut
779 3114 843 3173 fere
856 3113 953 3175 verbis
971 3113 1055 3184 meis,
1075 3114 1125 3171 ad.
1138 3131 1199 3171 rem
1212 3110 1340 3181 brevium,

293 3209 376 3271 salue
386 3208 613 3289 perspicuitate,
634 3207 868 3288 significandam,
889 3207 1036 3286 utriusque
1054 3206 1107 3266 viri
1120 3204 1295 3269 seutentiam
1311 3202 1341 3261 in

292 3304 497 3385 cmpeudimn
511 3302 685 3382 redigerem,
700 3311 732 3361 et
745 3302 794 3361 uni
807 3300 916 3361 nomini
931 3301 1088 3361 tribuerem
1101 3296 1245 3376 Bentleji3
1264 3295 1341 3356 adeo

291 3397 419 3477 utcopia
425 3397 558 3461 locorum
568 3395 682 3469 ombsa,
703 3394 1156 3472 etrerborumformularumque
1169 3389 1341 3468 ambagibus

292 3491 433 3552 detractis
451 3502 482 3551 et
502 3489 612 3551 crebris
626 3488 755 3565 ejusdem
776 3487 818 3547 rei
831 3485 1052 3566 repetitionibus
1065 3484 1172 3555 uitatis,
1194 3483 1266 3542 mhil
1285 3480 1340 3541 nisi

291 3586 444 3647 sententie
462 3592 767 3662 argumentorumque,
796 3580 857 3641 sive
880 3598 900 3641 a
919 3578 1056 3639 codicum
1075 3576 1259 3655 auctoritate,
1270 3574 1341 3635 sire

292 3679 378 3739 metri
390 3678 515 3757 legibus,
537 3676 597 3737 sive
613 3674 751 3755 loquendi
765 3693 833 3746 usu,
855 3685 885 3733 at
904 3672 1051 3753 elegantia
1071 3670 1213 3731 sermonis
1233 3680 1341 3731 sumtc

292 3790 365 3845 rum,
378 3790 518 3833 summam
529 3769 719 3851 spectandam
728 3766 966 3847 sequentiamque
975 3765 1046 3825 mihi
1056 3784 1122 3825 ease
1134 3764 1340 3826 existimarem.

293 3866 358 3926 Etsi
371 3866 459 3945 igitur
470 3884 528 3925 non
542 3863 720 3943 negaverim,
729 3861 896 3937 Bentlejtsm
911 3880 980 3921 curn
994 3860 1067 3921 alias
1080 3871 1143 3919 tum
1155 3858 1185 3917 in
1199 3856 1340 3917 Terentio

292 3957 465 4038 corrigendo
479 3956 624 4017 interdum
634 3955 723 4035 paulo
735 3953 922 4015 audaciorem
935 3952 1037 4023 videri,
1058 3951 1135 4012 adeo
1154 3961 1189 4010 ut
1206 3966 1340 4009 nonnun-

292 4070 379 4131 quam
393 4050 442 4113 vix
460 4049 529 4110 mihi
549 4059 753 4128 temperarem,
773 4046 843 4131 quin
863 4044 1067 4107 contradicere
1079 4044 1236 4104 auderomr
1271 4058 1339 4100 cum

291 4155 389 4205 tamen
404 4143 454 4205 ille
468 4154 502 4203 et
512 4160 619 4221 magns
638 4141 724 4222 copia
743 4140 883 4201 librorum
902 4139 1077 4219 scriptorum
1090 4154 1250 4216 eorumque
1265 4132 1341 4194 anti.

292 4238 504 4318 quissimorum,
516 4236 630 4315 quibus
646 4232 923 4314 Angliaminomni
936 4252 1054 4313 genere·
1065 4230 1215 4292 abundare
1229 4228 1340 4289 dudum

290 4332 368 4391 inter
380 4348 482 4391 omnes
496 4337 620 4399 constat,
641 4328 729 4387 fuerit
740 4327 908 4396 instntctus,
919 4336 960 4389 ,et
970 4322 1155 4405 ipds-Faemi
1164 4319 1340 4381 lectionibus

291 4424 380 4484 haud·
392 4420 614 4483 contemnendis
638 4420 755 4481 mirifice
777 4420 904 4497 adjutus,
926 4429 958 4477 et
972 4429 1115 4497 praeterea
1135 4416 1203 4495 ipse
1220 4412 1339 4492 ingenio

291 4516 458 4587 acutimimo
473 4514 746 4594 elegantissimoque
771 4524 900 4587 ornatus,
919 4531 978 4573 non
992 4512 1138 4589 ingratum
1151 4508 1255 4570 lectori
1267 4506 1338 4565 doc-

290 4623 323 4671 to
333 4630 380 4673 me
393 4610 499 4671 secisse
512 4628 609 4688 spero,
630 4608 711 4687 quod
722 4608 784 4667 illas
799 4610 983 4686 conjecturas
996 4617 1028 4665 et
1041 4602 1181 4664 lectiones
1194 4600 1243 4661 hic
1257 4599 1339 4659 exhi·

291 4705 421 4775 buerimr
432 4704 604 4783 'praesertim
618 4722 686 4763 cuns
699 4721 764 4763 eam
777 4700 954 4762 brevitatem-
963 4698 1073 4779 ubique
1086 4707 1261 4778 spectarem,
1280 4712 1339 4775 qua
